%YAML 1.1
%TAG !u! tag:unity3d.com,2011:
--- !u!1001 &100100000
Prefab:
  m_ObjectHideFlags: 1
  serializedVersion: 2
  m_Modification:
    m_TransformParent: {fileID: 0}
    m_Modifications: []
    m_RemovedComponents: []
  m_ParentPrefab: {fileID: 0}
  m_RootGameObject: {fileID: 1000012630354668}
  m_IsPrefabParent: 1
--- !u!1 &1000010033695822
GameObject:
  m_ObjectHideFlags: 1
  m_PrefabParentObject: {fileID: 0}
  m_PrefabInternal: {fileID: 100100000}
  serializedVersion: 5
  m_Component:
  - component: {fileID: 4000011476943542}
  m_Layer: 0
  m_Name: Tail2
  m_TagString: Untagged
  m_Icon: {fileID: 0}
  m_NavMeshLayer: 0
  m_StaticEditorFlags: 0
  m_IsActive: 1
--- !u!1 &1000010092549264
GameObject:
  m_ObjectHideFlags: 1
  m_PrefabParentObject: {fileID: 0}
  m_PrefabInternal: {fileID: 100100000}
  serializedVersion: 5
  m_Component:
  - component: {fileID: 4000012430015082}
  m_Layer: 0
  m_Name: Tail1_end
  m_TagString: Untagged
  m_Icon: {fileID: 0}
  m_NavMeshLayer: 0
  m_StaticEditorFlags: 0
  m_IsActive: 1
--- !u!1 &1000010134742232
GameObject:
  m_ObjectHideFlags: 1
  m_PrefabParentObject: {fileID: 0}
  m_PrefabInternal: {fileID: 100100000}
  serializedVersion: 5
  m_Component:
  - component: {fileID: 4000013433605878}
  m_Layer: 0
  m_Name: RightPaw2_end_end
  m_TagString: Untagged
  m_Icon: {fileID: 0}
  m_NavMeshLayer: 0
  m_StaticEditorFlags: 0
  m_IsActive: 1
--- !u!1 &1000010353819228
GameObject:
  m_ObjectHideFlags: 1
  m_PrefabParentObject: {fileID: 0}
  m_PrefabInternal: {fileID: 100100000}
  serializedVersion: 5
  m_Component:
  - component: {fileID: 4000010283026994}
  m_Layer: 0
  m_Name: Beak_end
  m_TagString: Untagged
  m_Icon: {fileID: 0}
  m_NavMeshLayer: 0
  m_StaticEditorFlags: 0
  m_IsActive: 1
--- !u!1 &1000010365322298
GameObject:
  m_ObjectHideFlags: 0
  m_PrefabParentObject: {fileID: 0}
  m_PrefabInternal: {fileID: 100100000}
  serializedVersion: 5
  m_Component:
  - component: {fileID: 4000012820255558}
  m_Layer: 0
  m_Name: Eagle Skeleton
  m_TagString: Untagged
  m_Icon: {fileID: 0}
  m_NavMeshLayer: 0
  m_StaticEditorFlags: 0
  m_IsActive: 1
--- !u!1 &1000010590335608
GameObject:
  m_ObjectHideFlags: 1
  m_PrefabParentObject: {fileID: 0}
  m_PrefabInternal: {fileID: 100100000}
  serializedVersion: 5
  m_Component:
  - component: {fileID: 4000010588299302}
  m_Layer: 0
  m_Name: RightLeg2
  m_TagString: Untagged
  m_Icon: {fileID: 0}
  m_NavMeshLayer: 0
  m_StaticEditorFlags: 0
  m_IsActive: 1
--- !u!1 &1000010885440074
GameObject:
  m_ObjectHideFlags: 1
  m_PrefabParentObject: {fileID: 0}
  m_PrefabInternal: {fileID: 100100000}
  serializedVersion: 5
  m_Component:
  - component: {fileID: 4000014100011402}
  m_Layer: 0
  m_Name: LeftWings2
  m_TagString: Untagged
  m_Icon: {fileID: 0}
  m_NavMeshLayer: 0
  m_StaticEditorFlags: 0
  m_IsActive: 1
--- !u!1 &1000011031740556
GameObject:
  m_ObjectHideFlags: 1
  m_PrefabParentObject: {fileID: 0}
  m_PrefabInternal: {fileID: 100100000}
  serializedVersion: 5
  m_Component:
  - component: {fileID: 4000014002333150}
  m_Layer: 0
  m_Name: Tail2_end
  m_TagString: Untagged
  m_Icon: {fileID: 0}
  m_NavMeshLayer: 0
  m_StaticEditorFlags: 0
  m_IsActive: 1
--- !u!1 &1000011044399624
GameObject:
  m_ObjectHideFlags: 1
  m_PrefabParentObject: {fileID: 0}
  m_PrefabInternal: {fileID: 100100000}
  serializedVersion: 5
  m_Component:
  - component: {fileID: 4000011142926790}
  m_Layer: 0
  m_Name: LeftPaw3
  m_TagString: Untagged
  m_Icon: {fileID: 0}
  m_NavMeshLayer: 0
  m_StaticEditorFlags: 0
  m_IsActive: 1
--- !u!1 &1000011109164714
GameObject:
  m_ObjectHideFlags: 1
  m_PrefabParentObject: {fileID: 0}
  m_PrefabInternal: {fileID: 100100000}
  serializedVersion: 5
  m_Component:
  - component: {fileID: 4000011672898808}
  m_Layer: 0
  m_Name: RightPaw2
  m_TagString: Untagged
  m_Icon: {fileID: 0}
  m_NavMeshLayer: 0
  m_StaticEditorFlags: 0
  m_IsActive: 1
--- !u!1 &1000011212040182
GameObject:
  m_ObjectHideFlags: 1
  m_PrefabParentObject: {fileID: 0}
  m_PrefabInternal: {fileID: 100100000}
  serializedVersion: 5
  m_Component:
  - component: {fileID: 4000012611031964}
  m_Layer: 0
  m_Name: RightPaw3
  m_TagString: Untagged
  m_Icon: {fileID: 0}
  m_NavMeshLayer: 0
  m_StaticEditorFlags: 0
  m_IsActive: 1
--- !u!1 &1000011226630008
GameObject:
  m_ObjectHideFlags: 1
  m_PrefabParentObject: {fileID: 0}
  m_PrefabInternal: {fileID: 100100000}
  serializedVersion: 5
  m_Component:
  - component: {fileID: 4000012867188694}
  m_Layer: 0
  m_Name: Tail1_end_end
  m_TagString: Untagged
  m_Icon: {fileID: 0}
  m_NavMeshLayer: 0
  m_StaticEditorFlags: 0
  m_IsActive: 1
--- !u!1 &1000011291714654
GameObject:
  m_ObjectHideFlags: 1
  m_PrefabParentObject: {fileID: 0}
  m_PrefabInternal: {fileID: 100100000}
  serializedVersion: 5
  m_Component:
  - component: {fileID: 4000013675670436}
  m_Layer: 0
  m_Name: RightPaw4_end
  m_TagString: Untagged
  m_Icon: {fileID: 0}
  m_NavMeshLayer: 0
  m_StaticEditorFlags: 0
  m_IsActive: 1
--- !u!1 &1000011495905822
GameObject:
  m_ObjectHideFlags: 1
  m_PrefabParentObject: {fileID: 0}
  m_PrefabInternal: {fileID: 100100000}
  serializedVersion: 5
  m_Component:
  - component: {fileID: 4000014215553714}
  m_Layer: 0
  m_Name: LeftWings2_end_end
  m_TagString: Untagged
  m_Icon: {fileID: 0}
  m_NavMeshLayer: 0
  m_StaticEditorFlags: 0
  m_IsActive: 1
--- !u!1 &1000011522679854
GameObject:
  m_ObjectHideFlags: 1
  m_PrefabParentObject: {fileID: 0}
  m_PrefabInternal: {fileID: 100100000}
  serializedVersion: 5
  m_Component:
  - component: {fileID: 4000013379860982}
  m_Layer: 0
  m_Name: RightPaw2_end
  m_TagString: Untagged
  m_Icon: {fileID: 0}
  m_NavMeshLayer: 0
  m_StaticEditorFlags: 0
  m_IsActive: 1
--- !u!1 &1000011551374342
GameObject:
  m_ObjectHideFlags: 1
  m_PrefabParentObject: {fileID: 0}
  m_PrefabInternal: {fileID: 100100000}
  serializedVersion: 5
  m_Component:
  - component: {fileID: 4000013123901236}
  m_Layer: 0
  m_Name: Body
  m_TagString: Untagged
  m_Icon: {fileID: 0}
  m_NavMeshLayer: 0
  m_StaticEditorFlags: 0
  m_IsActive: 1
--- !u!1 &1000011667371586
GameObject:
  m_ObjectHideFlags: 1
  m_PrefabParentObject: {fileID: 0}
  m_PrefabInternal: {fileID: 100100000}
  serializedVersion: 5
  m_Component:
  - component: {fileID: 4000012573615522}
  m_Layer: 0
  m_Name: RightPaw1
  m_TagString: Untagged
  m_Icon: {fileID: 0}
  m_NavMeshLayer: 0
  m_StaticEditorFlags: 0
  m_IsActive: 1
--- !u!1 &1000011687478242
GameObject:
  m_ObjectHideFlags: 1
  m_PrefabParentObject: {fileID: 0}
  m_PrefabInternal: {fileID: 100100000}
  serializedVersion: 5
  m_Component:
  - component: {fileID: 4000013265685804}
  m_Layer: 0
  m_Name: Tail1
  m_TagString: Untagged
  m_Icon: {fileID: 0}
  m_NavMeshLayer: 0
  m_StaticEditorFlags: 0
  m_IsActive: 1
--- !u!1 &1000011796455954
GameObject:
  m_ObjectHideFlags: 1
  m_PrefabParentObject: {fileID: 0}
  m_PrefabInternal: {fileID: 100100000}
  serializedVersion: 5
  m_Component:
  - component: {fileID: 4000011312128690}
  m_Layer: 0
  m_Name: LeftWings2_end
  m_TagString: Untagged
  m_Icon: {fileID: 0}
  m_NavMeshLayer: 0
  m_StaticEditorFlags: 0
  m_IsActive: 1
--- !u!1 &1000011938421398
GameObject:
  m_ObjectHideFlags: 0
  m_PrefabParentObject: {fileID: 0}
  m_PrefabInternal: {fileID: 100100000}
  serializedVersion: 5
  m_Component:
  - component: {fileID: 4000011780608566}
  - component: {fileID: 137000014053559234}
  m_Layer: 0
  m_Name: EagleLOD2
  m_TagString: Untagged
  m_Icon: {fileID: 0}
  m_NavMeshLayer: 0
  m_StaticEditorFlags: 0
  m_IsActive: 1
--- !u!1 &1000012164009782
GameObject:
  m_ObjectHideFlags: 1
  m_PrefabParentObject: {fileID: 0}
  m_PrefabInternal: {fileID: 100100000}
  serializedVersion: 5
  m_Component:
  - component: {fileID: 4000013439134206}
  m_Layer: 0
  m_Name: Neck
  m_TagString: Untagged
  m_Icon: {fileID: 0}
  m_NavMeshLayer: 0
  m_StaticEditorFlags: 0
  m_IsActive: 1
--- !u!1 &1000012244201056
GameObject:
  m_ObjectHideFlags: 1
  m_PrefabParentObject: {fileID: 0}
  m_PrefabInternal: {fileID: 100100000}
  serializedVersion: 5
  m_Component:
  - component: {fileID: 4000013747845850}
  m_Layer: 0
  m_Name: RightWings2
  m_TagString: Untagged
  m_Icon: {fileID: 0}
  m_NavMeshLayer: 0
  m_StaticEditorFlags: 0
  m_IsActive: 1
--- !u!1 &1000012358725950
GameObject:
  m_ObjectHideFlags: 0
  m_PrefabParentObject: {fileID: 0}
  m_PrefabInternal: {fileID: 100100000}
  serializedVersion: 5
  m_Component:
  - component: {fileID: 4000010871003222}
  - component: {fileID: 137000012963473694}
  m_Layer: 0
  m_Name: Eagle
  m_TagString: Untagged
  m_Icon: {fileID: 0}
  m_NavMeshLayer: 0
  m_StaticEditorFlags: 0
  m_IsActive: 1
--- !u!1 &1000012472381618
GameObject:
  m_ObjectHideFlags: 1
  m_PrefabParentObject: {fileID: 0}
  m_PrefabInternal: {fileID: 100100000}
  serializedVersion: 5
  m_Component:
  - component: {fileID: 4000012007847022}
  m_Layer: 0
  m_Name: RightWings2_end_end
  m_TagString: Untagged
  m_Icon: {fileID: 0}
  m_NavMeshLayer: 0
  m_StaticEditorFlags: 0
  m_IsActive: 1
--- !u!1 &1000012630354668
GameObject:
  m_ObjectHideFlags: 0
  m_PrefabParentObject: {fileID: 0}
  m_PrefabInternal: {fileID: 100100000}
  serializedVersion: 5
  m_Component:
  - component: {fileID: 4000012760071430}
  - component: {fileID: 111000013187527508}
  - component: {fileID: 205000013029225444}
  m_Layer: 0
  m_Name: EagleColor1S
  m_TagString: Untagged
  m_Icon: {fileID: 0}
  m_NavMeshLayer: 0
  m_StaticEditorFlags: 0
  m_IsActive: 1
--- !u!1 &1000012657619744
GameObject:
  m_ObjectHideFlags: 1
  m_PrefabParentObject: {fileID: 0}
  m_PrefabInternal: {fileID: 100100000}
  serializedVersion: 5
  m_Component:
  - component: {fileID: 4000010791893602}
  m_Layer: 0
  m_Name: LeftLeght1
  m_TagString: Untagged
  m_Icon: {fileID: 0}
  m_NavMeshLayer: 0
  m_StaticEditorFlags: 0
  m_IsActive: 1
--- !u!1 &1000012774075186
GameObject:
  m_ObjectHideFlags: 1
  m_PrefabParentObject: {fileID: 0}
  m_PrefabInternal: {fileID: 100100000}
  serializedVersion: 5
  m_Component:
  - component: {fileID: 4000012544562976}
  m_Layer: 0
  m_Name: LeftPaw2_end
  m_TagString: Untagged
  m_Icon: {fileID: 0}
  m_NavMeshLayer: 0
  m_StaticEditorFlags: 0
  m_IsActive: 1
--- !u!1 &1000012869166058
GameObject:
  m_ObjectHideFlags: 1
  m_PrefabParentObject: {fileID: 0}
  m_PrefabInternal: {fileID: 100100000}
  serializedVersion: 5
  m_Component:
  - component: {fileID: 4000011310685208}
  m_Layer: 0
  m_Name: LeftPaw1
  m_TagString: Untagged
  m_Icon: {fileID: 0}
  m_NavMeshLayer: 0
  m_StaticEditorFlags: 0
  m_IsActive: 1
--- !u!1 &1000012985557118
GameObject:
  m_ObjectHideFlags: 1
  m_PrefabParentObject: {fileID: 0}
  m_PrefabInternal: {fileID: 100100000}
  serializedVersion: 5
  m_Component:
  - component: {fileID: 4000010075937862}
  m_Layer: 0
  m_Name: RightPaw4
  m_TagString: Untagged
  m_Icon: {fileID: 0}
  m_NavMeshLayer: 0
  m_StaticEditorFlags: 0
  m_IsActive: 1
--- !u!1 &1000013109385834
GameObject:
  m_ObjectHideFlags: 1
  m_PrefabParentObject: {fileID: 0}
  m_PrefabInternal: {fileID: 100100000}
  serializedVersion: 5
  m_Component:
  - component: {fileID: 4000012663311884}
  m_Layer: 0
  m_Name: Tail2_end_end
  m_TagString: Untagged
  m_Icon: {fileID: 0}
  m_NavMeshLayer: 0
  m_StaticEditorFlags: 0
  m_IsActive: 1
--- !u!1 &1000013222783168
GameObject:
  m_ObjectHideFlags: 1
  m_PrefabParentObject: {fileID: 0}
  m_PrefabInternal: {fileID: 100100000}
  serializedVersion: 5
  m_Component:
  - component: {fileID: 4000013895349642}
  m_Layer: 0
  m_Name: LeftLeght2
  m_TagString: Untagged
  m_Icon: {fileID: 0}
  m_NavMeshLayer: 0
  m_StaticEditorFlags: 0
  m_IsActive: 1
--- !u!1 &1000013255082030
GameObject:
  m_ObjectHideFlags: 1
  m_PrefabParentObject: {fileID: 0}
  m_PrefabInternal: {fileID: 100100000}
  serializedVersion: 5
  m_Component:
  - component: {fileID: 4000013765225564}
  m_Layer: 0
  m_Name: RightLeght1
  m_TagString: Untagged
  m_Icon: {fileID: 0}
  m_NavMeshLayer: 0
  m_StaticEditorFlags: 0
  m_IsActive: 1
--- !u!1 &1000013274320788
GameObject:
  m_ObjectHideFlags: 1
  m_PrefabParentObject: {fileID: 0}
  m_PrefabInternal: {fileID: 100100000}
  serializedVersion: 5
  m_Component:
  - component: {fileID: 4000011147939540}
  m_Layer: 0
  m_Name: Beak
  m_TagString: Untagged
  m_Icon: {fileID: 0}
  m_NavMeshLayer: 0
  m_StaticEditorFlags: 0
  m_IsActive: 1
--- !u!1 &1000013319090904
GameObject:
  m_ObjectHideFlags: 1
  m_PrefabParentObject: {fileID: 0}
  m_PrefabInternal: {fileID: 100100000}
  serializedVersion: 5
  m_Component:
  - component: {fileID: 4000014056765224}
  m_Layer: 0
  m_Name: LeftPaw4_end_end
  m_TagString: Untagged
  m_Icon: {fileID: 0}
  m_NavMeshLayer: 0
  m_StaticEditorFlags: 0
  m_IsActive: 1
--- !u!1 &1000013422284804
GameObject:
  m_ObjectHideFlags: 1
  m_PrefabParentObject: {fileID: 0}
  m_PrefabInternal: {fileID: 100100000}
  serializedVersion: 5
  m_Component:
  - component: {fileID: 4000011051956860}
  m_Layer: 0
  m_Name: LeftPaw2
  m_TagString: Untagged
  m_Icon: {fileID: 0}
  m_NavMeshLayer: 0
  m_StaticEditorFlags: 0
  m_IsActive: 1
--- !u!1 &1000013469231362
GameObject:
  m_ObjectHideFlags: 1
  m_PrefabParentObject: {fileID: 0}
  m_PrefabInternal: {fileID: 100100000}
  serializedVersion: 5
  m_Component:
  - component: {fileID: 4000012774227808}
  m_Layer: 0
  m_Name: LeftWings1
  m_TagString: Untagged
  m_Icon: {fileID: 0}
  m_NavMeshLayer: 0
  m_StaticEditorFlags: 0
  m_IsActive: 1
--- !u!1 &1000013525107450
GameObject:
  m_ObjectHideFlags: 1
  m_PrefabParentObject: {fileID: 0}
  m_PrefabInternal: {fileID: 100100000}
  serializedVersion: 5
  m_Component:
  - component: {fileID: 4000011140117798}
  m_Layer: 0
  m_Name: Beak_end_end
  m_TagString: Untagged
  m_Icon: {fileID: 0}
  m_NavMeshLayer: 0
  m_StaticEditorFlags: 0
  m_IsActive: 1
--- !u!1 &1000013546728166
GameObject:
  m_ObjectHideFlags: 1
  m_PrefabParentObject: {fileID: 0}
  m_PrefabInternal: {fileID: 100100000}
  serializedVersion: 5
  m_Component:
  - component: {fileID: 4000013565381978}
  m_Layer: 0
  m_Name: Head
  m_TagString: Untagged
  m_Icon: {fileID: 0}
  m_NavMeshLayer: 0
  m_StaticEditorFlags: 0
  m_IsActive: 1
--- !u!1 &1000013738694108
GameObject:
  m_ObjectHideFlags: 1
  m_PrefabParentObject: {fileID: 0}
  m_PrefabInternal: {fileID: 100100000}
  serializedVersion: 5
  m_Component:
  - component: {fileID: 4000011966794922}
  m_Layer: 0
  m_Name: LeftPaw4
  m_TagString: Untagged
  m_Icon: {fileID: 0}
  m_NavMeshLayer: 0
  m_StaticEditorFlags: 0
  m_IsActive: 1
--- !u!1 &1000013830795584
GameObject:
  m_ObjectHideFlags: 1
  m_PrefabParentObject: {fileID: 0}
  m_PrefabInternal: {fileID: 100100000}
  serializedVersion: 5
  m_Component:
  - component: {fileID: 4000012316025322}
  m_Layer: 0
  m_Name: RightWings1
  m_TagString: Untagged
  m_Icon: {fileID: 0}
  m_NavMeshLayer: 0
  m_StaticEditorFlags: 0
  m_IsActive: 1
--- !u!1 &1000013857094020
GameObject:
  m_ObjectHideFlags: 1
  m_PrefabParentObject: {fileID: 0}
  m_PrefabInternal: {fileID: 100100000}
  serializedVersion: 5
  m_Component:
  - component: {fileID: 4000011439748398}
  m_Layer: 0
  m_Name: LeftPaw2_end_end
  m_TagString: Untagged
  m_Icon: {fileID: 0}
  m_NavMeshLayer: 0
  m_StaticEditorFlags: 0
  m_IsActive: 1
--- !u!1 &1000013859166472
GameObject:
  m_ObjectHideFlags: 1
  m_PrefabParentObject: {fileID: 0}
  m_PrefabInternal: {fileID: 100100000}
  serializedVersion: 5
  m_Component:
  - component: {fileID: 4000013274056254}
  m_Layer: 0
  m_Name: LeftPaw4_end
  m_TagString: Untagged
  m_Icon: {fileID: 0}
  m_NavMeshLayer: 0
  m_StaticEditorFlags: 0
  m_IsActive: 1
--- !u!1 &1000013941563280
GameObject:
  m_ObjectHideFlags: 0
  m_PrefabParentObject: {fileID: 0}
  m_PrefabInternal: {fileID: 100100000}
  serializedVersion: 5
  m_Component:
  - component: {fileID: 4000014098036668}
  - component: {fileID: 137000010469327246}
  m_Layer: 0
  m_Name: EagleLOD1
  m_TagString: Untagged
  m_Icon: {fileID: 0}
  m_NavMeshLayer: 0
  m_StaticEditorFlags: 0
  m_IsActive: 1
--- !u!1 &1000014003002978
GameObject:
  m_ObjectHideFlags: 1
  m_PrefabParentObject: {fileID: 0}
  m_PrefabInternal: {fileID: 100100000}
  serializedVersion: 5
  m_Component:
  - component: {fileID: 4000012068626220}
  m_Layer: 0
  m_Name: RightWings2_end
  m_TagString: Untagged
  m_Icon: {fileID: 0}
  m_NavMeshLayer: 0
  m_StaticEditorFlags: 0
  m_IsActive: 1
--- !u!1 &1000014237391144
GameObject:
  m_ObjectHideFlags: 1
  m_PrefabParentObject: {fileID: 0}
  m_PrefabInternal: {fileID: 100100000}
  serializedVersion: 5
  m_Component:
  - component: {fileID: 4000013603778506}
  m_Layer: 0
  m_Name: RightPaw4_end_end
  m_TagString: Untagged
  m_Icon: {fileID: 0}
  m_NavMeshLayer: 0
  m_StaticEditorFlags: 0
  m_IsActive: 1
--- !u!4 &4000010075937862
Transform:
  m_ObjectHideFlags: 1
  m_PrefabParentObject: {fileID: 0}
  m_PrefabInternal: {fileID: 100100000}
  m_GameObject: {fileID: 1000012985557118}
  m_LocalRotation: {x: -0.14508368, y: 0.02780832, z: -0.1711992, w: 0.97409874}
  m_LocalPosition: {x: -0.000000029802322, y: 0.33114305, z: -0.00000006495975}
  m_LocalScale: {x: 0.9999998, y: 1.0000001, z: 0.99999994}
  m_Children:
  - {fileID: 4000013675670436}
  m_Father: {fileID: 4000012611031964}
  m_RootOrder: 0
  m_LocalEulerAnglesHint: {x: 0, y: 0, z: 0}
--- !u!4 &4000010283026994
Transform:
  m_ObjectHideFlags: 1
  m_PrefabParentObject: {fileID: 0}
  m_PrefabInternal: {fileID: 100100000}
  m_GameObject: {fileID: 1000010353819228}
  m_LocalRotation: {x: 0.000000003685272, y: -2.8376235e-10, z: 2.9103828e-10, w: 1}
  m_LocalPosition: {x: -0, y: 0.79804605, z: 0.000000044703484}
  m_LocalScale: {x: 1, y: 1.0000001, z: 1}
  m_Children:
  - {fileID: 4000011140117798}
  m_Father: {fileID: 4000011147939540}
  m_RootOrder: 0
  m_LocalEulerAnglesHint: {x: 0, y: 0, z: 0}
--- !u!4 &4000010588299302
Transform:
  m_ObjectHideFlags: 1
  m_PrefabParentObject: {fileID: 0}
  m_PrefabInternal: {fileID: 100100000}
  m_GameObject: {fileID: 1000010590335608}
  m_LocalRotation: {x: -0.034707636, y: 0.00076844194, z: -0.013303793, w: 0.9993087}
  m_LocalPosition: {x: 0.000000040978193, y: 1.5051556, z: -0.000000239041}
  m_LocalScale: {x: 0.99999976, y: 0.9999998, z: 0.9999996}
  m_Children:
  - {fileID: 4000012573615522}
  - {fileID: 4000012611031964}
  m_Father: {fileID: 4000013765225564}
  m_RootOrder: 0
  m_LocalEulerAnglesHint: {x: 0, y: 0, z: 0}
--- !u!4 &4000010791893602
Transform:
  m_ObjectHideFlags: 1
  m_PrefabParentObject: {fileID: 0}
  m_PrefabInternal: {fileID: 100100000}
  m_GameObject: {fileID: 1000012657619744}
  m_LocalRotation: {x: 0.87754154, y: -0.016196536, z: -0.008843762, w: -0.47914547}
  m_LocalPosition: {x: 0.8363174, y: 0.3918802, z: -0.95083666}
  m_LocalScale: {x: 0.9999997, y: 1, z: 1}
  m_Children:
  - {fileID: 4000013895349642}
  m_Father: {fileID: 4000013123901236}
  m_RootOrder: 0
  m_LocalEulerAnglesHint: {x: 0, y: 0, z: 0}
--- !u!4 &4000010871003222
Transform:
  m_ObjectHideFlags: 1
  m_PrefabParentObject: {fileID: 0}
  m_PrefabInternal: {fileID: 100100000}
  m_GameObject: {fileID: 1000012358725950}
  m_LocalRotation: {x: 0.00000008533206, y: -0.009241725, z: 0.000000002217654, w: 0.9999573}
  m_LocalPosition: {x: -0.01347996, y: 4.097793, z: 0.9831885}
  m_LocalScale: {x: 23.4881, y: 23.488096, z: 23.4881}
  m_Children: []
  m_Father: {fileID: 4000012760071430}
  m_RootOrder: 0
  m_LocalEulerAnglesHint: {x: 0, y: 0, z: 0}
--- !u!4 &4000011051956860
Transform:
  m_ObjectHideFlags: 1
  m_PrefabParentObject: {fileID: 0}
  m_PrefabInternal: {fileID: 100100000}
  m_GameObject: {fileID: 1000013422284804}
  m_LocalRotation: {x: -0.16817257, y: -0.040116396, z: 0.024486803, w: 0.98463655}
  m_LocalPosition: {x: 0.00000014156103, y: 0.4259104, z: 0.000000040978193}
  m_LocalScale: {x: 0.9999999, y: 1.0000001, z: 0.9999997}
  m_Children:
  - {fileID: 4000012544562976}
  m_Father: {fileID: 4000011310685208}
  m_RootOrder: 0
  m_LocalEulerAnglesHint: {x: 0, y: 0, z: 0}
--- !u!4 &4000011140117798
Transform:
  m_ObjectHideFlags: 1
  m_PrefabParentObject: {fileID: 0}
  m_PrefabInternal: {fileID: 100100000}
  m_GameObject: {fileID: 1000013525107450}
  m_LocalRotation: {x: 0, y: -0, z: -0, w: 1}
  m_LocalPosition: {x: -0, y: 0.79804593, z: 0}
  m_LocalScale: {x: 1, y: 1, z: 1}
  m_Children: []
  m_Father: {fileID: 4000010283026994}
  m_RootOrder: 0
  m_LocalEulerAnglesHint: {x: 0, y: 0, z: 0}
--- !u!4 &4000011142926790
Transform:
  m_ObjectHideFlags: 1
  m_PrefabParentObject: {fileID: 0}
  m_PrefabInternal: {fileID: 100100000}
  m_GameObject: {fileID: 1000011044399624}
  m_LocalRotation: {x: -0.10159105, y: 0.80554676, z: -0.579991, w: -0.06621308}
  m_LocalPosition: {x: -0.000000006519258, y: 1.0942092, z: -0.000000020154403}
  m_LocalScale: {x: 1.0000002, y: 1.0000001, z: 1.0000001}
  m_Children:
  - {fileID: 4000011966794922}
  m_Father: {fileID: 4000013895349642}
  m_RootOrder: 1
  m_LocalEulerAnglesHint: {x: 0, y: 0, z: 0}
--- !u!4 &4000011147939540
Transform:
  m_ObjectHideFlags: 1
  m_PrefabParentObject: {fileID: 0}
  m_PrefabInternal: {fileID: 100100000}
  m_GameObject: {fileID: 1000013274320788}
  m_LocalRotation: {x: -0.0517906, y: -0.022683188, z: 0.009613761, w: 0.9983541}
  m_LocalPosition: {x: -0.015431566, y: 0.7342502, z: -0.4548634}
  m_LocalScale: {x: 1.0000001, y: 0.99999994, z: 0.9999996}
  m_Children:
  - {fileID: 4000010283026994}
  m_Father: {fileID: 4000013565381978}
  m_RootOrder: 0
  m_LocalEulerAnglesHint: {x: 0, y: 0, z: 0}
--- !u!4 &4000011310685208
Transform:
  m_ObjectHideFlags: 1
  m_PrefabParentObject: {fileID: 0}
  m_PrefabInternal: {fileID: 100100000}
  m_GameObject: {fileID: 1000012869166058}
  m_LocalRotation: {x: 0.57567066, y: 0.07023526, z: -0.09261948, w: 0.8093775}
  m_LocalPosition: {x: -0.000000006519258, y: 1.0942092, z: -0.000000020154403}
  m_LocalScale: {x: 0.99999976, y: 1, z: 1.0000002}
  m_Children:
  - {fileID: 4000011051956860}
  m_Father: {fileID: 4000013895349642}
  m_RootOrder: 0
  m_LocalEulerAnglesHint: {x: 0, y: 0, z: 0}
--- !u!4 &4000011312128690
Transform:
  m_ObjectHideFlags: 1
  m_PrefabParentObject: {fileID: 0}
  m_PrefabInternal: {fileID: 100100000}
  m_GameObject: {fileID: 1000011796455954}
  m_LocalRotation: {x: -0.000000052939875, y: 0.000000019557774, z: -0.000000018626451,
    w: 1}
  m_LocalPosition: {x: -0.00000020861626, y: 6.8227825, z: -0.00000046752393}
  m_LocalScale: {x: 1, y: 0.9999999, z: 0.99999994}
  m_Children:
  - {fileID: 4000014215553714}
  m_Father: {fileID: 4000014100011402}
  m_RootOrder: 0
  m_LocalEulerAnglesHint: {x: 0, y: 0, z: 0}
--- !u!4 &4000011439748398
Transform:
  m_ObjectHideFlags: 1
  m_PrefabParentObject: {fileID: 0}
  m_PrefabInternal: {fileID: 100100000}
  m_GameObject: {fileID: 1000013857094020}
  m_LocalRotation: {x: 0, y: -0, z: -0, w: 1}
  m_LocalPosition: {x: -0, y: 0.4056067, z: 0}
  m_LocalScale: {x: 1, y: 1, z: 1}
  m_Children: []
  m_Father: {fileID: 4000012544562976}
  m_RootOrder: 0
  m_LocalEulerAnglesHint: {x: 0, y: 0, z: 0}
--- !u!4 &4000011476943542
Transform:
  m_ObjectHideFlags: 1
  m_PrefabParentObject: {fileID: 0}
  m_PrefabInternal: {fileID: 100100000}
  m_GameObject: {fileID: 1000010033695822}
  m_LocalRotation: {x: 0.009926206, y: -0.018888243, z: 0.98569274, w: 0.16719614}
  m_LocalPosition: {x: -0.52076745, y: -0.41970968, z: -0.08201966}
  m_LocalScale: {x: 0.9999996, y: 0.99999976, z: 1}
  m_Children:
  - {fileID: 4000014002333150}
  m_Father: {fileID: 4000013123901236}
  m_RootOrder: 6
  m_LocalEulerAnglesHint: {x: 0, y: 0, z: 0}
--- !u!4 &4000011672898808
Transform:
  m_ObjectHideFlags: 1
  m_PrefabParentObject: {fileID: 0}
  m_PrefabInternal: {fileID: 100100000}
  m_GameObject: {fileID: 1000011109164714}
  m_LocalRotation: {x: -0.16803029, y: 0.024482349, z: -0.061112605, w: 0.98358107}
  m_LocalPosition: {x: -0.000000016763806, y: 0.4266487, z: 0.000000017695129}
  m_LocalScale: {x: 0.9999999, y: 0.9999998, z: 0.99999976}
  m_Children:
  - {fileID: 4000013379860982}
  m_Father: {fileID: 4000012573615522}
  m_RootOrder: 0
  m_LocalEulerAnglesHint: {x: 0, y: 0, z: 0}
--- !u!4 &4000011780608566
Transform:
  m_ObjectHideFlags: 1
  m_PrefabParentObject: {fileID: 0}
  m_PrefabInternal: {fileID: 100100000}
  m_GameObject: {fileID: 1000011938421398}
  m_LocalRotation: {x: 0.00000008533164, y: -0.009241785, z: 0.0000000022176834, w: 0.9999573}
  m_LocalPosition: {x: -0.013479968, y: 4.0977936, z: 0.98318875}
  m_LocalScale: {x: 23.4881, y: 23.488096, z: 23.4881}
  m_Children: []
  m_Father: {fileID: 4000012760071430}
  m_RootOrder: 3
  m_LocalEulerAnglesHint: {x: 0, y: 0, z: 0}
--- !u!4 &4000011966794922
Transform:
  m_ObjectHideFlags: 1
  m_PrefabParentObject: {fileID: 0}
  m_PrefabInternal: {fileID: 100100000}
  m_GameObject: {fileID: 1000013738694108}
  m_LocalRotation: {x: -0.0945181, y: -0.008271162, z: 0.049399897, w: 0.99426234}
  m_LocalPosition: {x: 0.0000002682209, y: 0.3150675, z: -0.000000044703484}
  m_LocalScale: {x: 0.9999999, y: 0.9999999, z: 0.9999999}
  m_Children:
  - {fileID: 4000013274056254}
  m_Father: {fileID: 4000011142926790}
  m_RootOrder: 0
  m_LocalEulerAnglesHint: {x: 0, y: 0, z: 0}
--- !u!4 &4000012007847022
Transform:
  m_ObjectHideFlags: 1
  m_PrefabParentObject: {fileID: 0}
  m_PrefabInternal: {fileID: 100100000}
  m_GameObject: {fileID: 1000012472381618}
  m_LocalRotation: {x: 0, y: -0, z: -0, w: 1}
  m_LocalPosition: {x: -0, y: 6.1229353, z: 0}
  m_LocalScale: {x: 1, y: 1, z: 1}
  m_Children: []
  m_Father: {fileID: 4000012068626220}
  m_RootOrder: 0
  m_LocalEulerAnglesHint: {x: 0, y: 0, z: 0}
--- !u!4 &4000012068626220
Transform:
  m_ObjectHideFlags: 1
  m_PrefabParentObject: {fileID: 0}
  m_PrefabInternal: {fileID: 100100000}
  m_GameObject: {fileID: 1000014003002978}
  m_LocalRotation: {x: 0.00000005981122, y: -0.000000048545193, z: 8.0763135e-10,
    w: 1}
  m_LocalPosition: {x: 0.00000023469329, y: 6.1229343, z: -0.00000022724271}
  m_LocalScale: {x: 1, y: 0.99999994, z: 0.9999999}
  m_Children:
  - {fileID: 4000012007847022}
  m_Father: {fileID: 4000013747845850}
  m_RootOrder: 0
  m_LocalEulerAnglesHint: {x: 0, y: 0, z: 0}
--- !u!4 &4000012316025322
Transform:
  m_ObjectHideFlags: 1
  m_PrefabParentObject: {fileID: 0}
  m_PrefabInternal: {fileID: 100100000}
  m_GameObject: {fileID: 1000013830795584}
  m_LocalRotation: {x: -0.115009725, y: -0.19950983, z: 0.66716003, w: 0.7084251}
  m_LocalPosition: {x: -0.9065707, y: 1.8174665, z: 0.4619517}
  m_LocalScale: {x: 0.9999999, y: 0.99999976, z: 0.9999999}
  m_Children:
  - {fileID: 4000013747845850}
  m_Father: {fileID: 4000013123901236}
  m_RootOrder: 4
  m_LocalEulerAnglesHint: {x: 0, y: 0, z: 0}
--- !u!4 &4000012430015082
Transform:
  m_ObjectHideFlags: 1
  m_PrefabParentObject: {fileID: 0}
  m_PrefabInternal: {fileID: 100100000}
  m_GameObject: {fileID: 1000010092549264}
  m_LocalRotation: {x: 3.492459e-10, y: -0.00000011280646, z: 0.000000011979864, w: 1}
  m_LocalPosition: {x: -0.00000006891787, y: 4.604882, z: 0.0000001899898}
  m_LocalScale: {x: 0.99999994, y: 1, z: 0.99999994}
  m_Children:
  - {fileID: 4000012867188694}
  m_Father: {fileID: 4000013265685804}
  m_RootOrder: 0
  m_LocalEulerAnglesHint: {x: 0, y: 0, z: 0}
--- !u!4 &4000012544562976
Transform:
  m_ObjectHideFlags: 1
  m_PrefabParentObject: {fileID: 0}
  m_PrefabInternal: {fileID: 100100000}
  m_GameObject: {fileID: 1000012774075186}
  m_LocalRotation: {x: 0.00000040716264, y: -0.000000303844, z: 0.00000038836154,
    w: 1}
  m_LocalPosition: {x: 0.00000029616058, y: 0.40560693, z: -0.000000034458935}
  m_LocalScale: {x: 1, y: 0.9999999, z: 0.99999994}
  m_Children:
  - {fileID: 4000011439748398}
  m_Father: {fileID: 4000011051956860}
  m_RootOrder: 0
  m_LocalEulerAnglesHint: {x: 0, y: 0, z: 0}
--- !u!4 &4000012573615522
Transform:
  m_ObjectHideFlags: 1
  m_PrefabParentObject: {fileID: 0}
  m_PrefabInternal: {fileID: 100100000}
  m_GameObject: {fileID: 1000011667371586}
  m_LocalRotation: {x: 0.57311344, y: -0.06422563, z: 0.09705919, w: 0.81116927}
  m_LocalPosition: {x: -0.0000000037252903, y: 1.0942097, z: 0.00000008771531}
  m_LocalScale: {x: 0.9999996, y: 0.9999997, z: 0.99999946}
  m_Children:
  - {fileID: 4000011672898808}
  m_Father: {fileID: 4000010588299302}
  m_RootOrder: 0
  m_LocalEulerAnglesHint: {x: 0, y: 0, z: 0}
--- !u!4 &4000012611031964
Transform:
  m_ObjectHideFlags: 1
  m_PrefabParentObject: {fileID: 0}
  m_PrefabInternal: {fileID: 100100000}
  m_GameObject: {fileID: 1000011212040182}
  m_LocalRotation: {x: 0.1405947, y: 0.7828619, z: -0.5971529, w: 0.10377359}
  m_LocalPosition: {x: -0.0000000037252903, y: 1.0942097, z: 0.00000008771531}
  m_LocalScale: {x: 0.9999998, y: 0.99999994, z: 0.99999964}
  m_Children:
  - {fileID: 4000010075937862}
  m_Father: {fileID: 4000010588299302}
  m_RootOrder: 1
  m_LocalEulerAnglesHint: {x: 0, y: 0, z: 0}
--- !u!4 &4000012663311884
Transform:
  m_ObjectHideFlags: 1
  m_PrefabParentObject: {fileID: 0}
  m_PrefabInternal: {fileID: 100100000}
  m_GameObject: {fileID: 1000013109385834}
  m_LocalRotation: {x: 0, y: -0, z: -0, w: 1}
  m_LocalPosition: {x: -0, y: 4.5255322, z: 0}
  m_LocalScale: {x: 1, y: 1, z: 1}
  m_Children: []
  m_Father: {fileID: 4000014002333150}
  m_RootOrder: 0
  m_LocalEulerAnglesHint: {x: 0, y: 0, z: 0}
--- !u!4 &4000012760071430
Transform:
  m_ObjectHideFlags: 1
  m_PrefabParentObject: {fileID: 0}
  m_PrefabInternal: {fileID: 100100000}
  m_GameObject: {fileID: 1000012630354668}
  m_LocalRotation: {x: 0, y: 0, z: 0, w: 1}
  m_LocalPosition: {x: 0, y: 0, z: 0}
  m_LocalScale: {x: 1, y: 1, z: 1}
  m_Children:
  - {fileID: 4000010871003222}
  - {fileID: 4000012820255558}
  - {fileID: 4000014098036668}
  - {fileID: 4000011780608566}
  m_Father: {fileID: 0}
  m_RootOrder: 0
  m_LocalEulerAnglesHint: {x: 0, y: 0, z: 0}
--- !u!4 &4000012774227808
Transform:
  m_ObjectHideFlags: 1
  m_PrefabParentObject: {fileID: 0}
  m_PrefabInternal: {fileID: 100100000}
  m_GameObject: {fileID: 1000013469231362}
  m_LocalRotation: {x: 0.6046653, y: 0.6647182, z: -0.30207053, w: -0.31825}
  m_LocalPosition: {x: 1.1057684, y: 1.792385, z: 0.3665915}
  m_LocalScale: {x: 0.9999999, y: 0.9999999, z: 0.9999999}
  m_Children:
  - {fileID: 4000014100011402}
  m_Father: {fileID: 4000013123901236}
  m_RootOrder: 1
  m_LocalEulerAnglesHint: {x: 0, y: 0, z: 0}
--- !u!4 &4000012820255558
Transform:
  m_ObjectHideFlags: 1
  m_PrefabParentObject: {fileID: 0}
  m_PrefabInternal: {fileID: 100100000}
  m_GameObject: {fileID: 1000010365322298}
  m_LocalRotation: {x: -0.006170602, y: 0.70708007, z: 0.7070797, w: 0.006170628}
  m_LocalPosition: {x: 1.109089, y: 3.7459943, z: -1.1219069}
  m_LocalScale: {x: 1, y: 1, z: 1}
  m_Children:
  - {fileID: 4000013123901236}
  m_Father: {fileID: 4000012760071430}
  m_RootOrder: 1
  m_LocalEulerAnglesHint: {x: 0, y: 0, z: 0}
--- !u!4 &4000012867188694
Transform:
  m_ObjectHideFlags: 1
  m_PrefabParentObject: {fileID: 0}
  m_PrefabInternal: {fileID: 100100000}
  m_GameObject: {fileID: 1000011226630008}
  m_LocalRotation: {x: 0, y: -0, z: -0, w: 1}
  m_LocalPosition: {x: -0, y: 4.604882, z: 0}
  m_LocalScale: {x: 1, y: 1, z: 1}
  m_Children: []
  m_Father: {fileID: 4000012430015082}
  m_RootOrder: 0
  m_LocalEulerAnglesHint: {x: 0, y: 0, z: 0}
--- !u!4 &4000013123901236
Transform:
  m_ObjectHideFlags: 1
  m_PrefabParentObject: {fileID: 0}
  m_PrefabInternal: {fileID: 100100000}
  m_GameObject: {fileID: 1000011551374342}
  m_LocalRotation: {x: -0.0062511023, y: 0, z: -0, w: 0.99998045}
  m_LocalPosition: {x: 1.086129, y: -6.078835e-10, z: 3.717778}
  m_LocalScale: {x: 1, y: 1, z: 1}
  m_Children:
  - {fileID: 4000010791893602}
  - {fileID: 4000012774227808}
  - {fileID: 4000013439134206}
  - {fileID: 4000013765225564}
  - {fileID: 4000012316025322}
  - {fileID: 4000013265685804}
  - {fileID: 4000011476943542}
  m_Father: {fileID: 4000012820255558}
  m_RootOrder: 0
  m_LocalEulerAnglesHint: {x: 0, y: 0, z: 0}
--- !u!4 &4000013265685804
Transform:
  m_ObjectHideFlags: 1
  m_PrefabParentObject: {fileID: 0}
  m_PrefabInternal: {fileID: 100100000}
  m_GameObject: {fileID: 1000011687478242}
  m_LocalRotation: {x: 0.0034745252, y: -0.016304376, z: 0.98160505, w: -0.19019385}
  m_LocalPosition: {x: 0.3643663, y: -0.41970974, z: -0.08201966}
  m_LocalScale: {x: 0.9999979, y: 0.9999998, z: 1}
  m_Children:
  - {fileID: 4000012430015082}
  m_Father: {fileID: 4000013123901236}
  m_RootOrder: 5
  m_LocalEulerAnglesHint: {x: 0, y: 0, z: 0}
--- !u!4 &4000013274056254
Transform:
  m_ObjectHideFlags: 1
  m_PrefabParentObject: {fileID: 0}
  m_PrefabInternal: {fileID: 100100000}
  m_GameObject: {fileID: 1000013859166472}
  m_LocalRotation: {x: 0.00000036681206, y: 0.00000035132513, z: -0.00000035623088,
    w: 1}
  m_LocalPosition: {x: 0.00000010803342, y: 0.3116876, z: -0.000000024302608}
  m_LocalScale: {x: 1, y: 0.99999994, z: 1}
  m_Children:
  - {fileID: 4000014056765224}
  m_Father: {fileID: 4000011966794922}
  m_RootOrder: 0
  m_LocalEulerAnglesHint: {x: 0, y: 0, z: 0}
--- !u!4 &4000013379860982
Transform:
  m_ObjectHideFlags: 1
  m_PrefabParentObject: {fileID: 0}
  m_PrefabInternal: {fileID: 100100000}
  m_GameObject: {fileID: 1000011522679854}
  m_LocalRotation: {x: 0.00000012516102, y: -0.00000003247988, z: 0.000000046682544,
    w: 1}
  m_LocalPosition: {x: -0.0000000055879354, y: 0.40208164, z: 0.00000003288733}
  m_LocalScale: {x: 1, y: 1, z: 1}
  m_Children:
  - {fileID: 4000013433605878}
  m_Father: {fileID: 4000011672898808}
  m_RootOrder: 0
  m_LocalEulerAnglesHint: {x: 0, y: 0, z: 0}
--- !u!4 &4000013433605878
Transform:
  m_ObjectHideFlags: 1
  m_PrefabParentObject: {fileID: 0}
  m_PrefabInternal: {fileID: 100100000}
  m_GameObject: {fileID: 1000010134742232}
  m_LocalRotation: {x: 0, y: -0, z: -0, w: 1}
  m_LocalPosition: {x: -0, y: 0.40208167, z: 0}
  m_LocalScale: {x: 1, y: 1, z: 1}
  m_Children: []
  m_Father: {fileID: 4000013379860982}
  m_RootOrder: 0
  m_LocalEulerAnglesHint: {x: 0, y: 0, z: 0}
--- !u!4 &4000013439134206
Transform:
  m_ObjectHideFlags: 1
  m_PrefabParentObject: {fileID: 0}
  m_PrefabInternal: {fileID: 100100000}
  m_GameObject: {fileID: 1000012164009782}
  m_LocalRotation: {x: 0.11260895, y: -0, z: -0, w: 0.9936394}
  m_LocalPosition: {x: -0, y: 3.2803931, z: 0.0000003799796}
  m_LocalScale: {x: 1, y: 0.9999998, z: 0.9999997}
  m_Children:
  - {fileID: 4000013565381978}
  m_Father: {fileID: 4000013123901236}
  m_RootOrder: 2
  m_LocalEulerAnglesHint: {x: 0, y: 0, z: 0}
--- !u!4 &4000013565381978
Transform:
  m_ObjectHideFlags: 1
  m_PrefabParentObject: {fileID: 0}
  m_PrefabInternal: {fileID: 100100000}
  m_GameObject: {fileID: 1000013546728166}
  m_LocalRotation: {x: -0.14208052, y: -0.00077802315, z: -0.010998353, w: 0.9897937}
  m_LocalPosition: {x: -0, y: 1.2495335, z: 0.00000011920929}
  m_LocalScale: {x: 0.99999976, y: 0.9999999, z: 1}
  m_Children:
  - {fileID: 4000011147939540}
  m_Father: {fileID: 4000013439134206}
  m_RootOrder: 0
  m_LocalEulerAnglesHint: {x: 0, y: 0, z: 0}
--- !u!4 &4000013603778506
Transform:
  m_ObjectHideFlags: 1
  m_PrefabParentObject: {fileID: 0}
  m_PrefabInternal: {fileID: 100100000}
  m_GameObject: {fileID: 1000014237391144}
  m_LocalRotation: {x: 0, y: -0, z: -0, w: 1}
  m_LocalPosition: {x: -0, y: 0.306415, z: 0}
  m_LocalScale: {x: 1, y: 1, z: 1}
  m_Children: []
  m_Father: {fileID: 4000013675670436}
  m_RootOrder: 0
  m_LocalEulerAnglesHint: {x: 0, y: 0, z: 0}
--- !u!4 &4000013675670436
Transform:
  m_ObjectHideFlags: 1
  m_PrefabParentObject: {fileID: 0}
  m_PrefabInternal: {fileID: 100100000}
  m_GameObject: {fileID: 1000011291714654}
  m_LocalRotation: {x: -0.00000042095795, y: 0.0000050018907, z: -0.00000019452159,
    w: 1}
  m_LocalPosition: {x: 0.000000011186046, y: 0.3064148, z: 0.000000047981302}
  m_LocalScale: {x: 1, y: 0.99999994, z: 0.99999994}
  m_Children:
  - {fileID: 4000013603778506}
  m_Father: {fileID: 4000010075937862}
  m_RootOrder: 0
  m_LocalEulerAnglesHint: {x: 0, y: 0, z: 0}
--- !u!4 &4000013747845850
Transform:
  m_ObjectHideFlags: 1
  m_PrefabParentObject: {fileID: 0}
  m_PrefabInternal: {fileID: 100100000}
  m_GameObject: {fileID: 1000012244201056}
  m_LocalRotation: {x: -0.24427152, y: 0.042377315, z: 0.04755163, w: 0.96761274}
  m_LocalPosition: {x: -0.036737815, y: 6.293808, z: 0.0016420186}
  m_LocalScale: {x: 0.9999997, y: 0.9999995, z: 0.9999997}
  m_Children:
  - {fileID: 4000012068626220}
  m_Father: {fileID: 4000012316025322}
  m_RootOrder: 0
  m_LocalEulerAnglesHint: {x: 0, y: 0, z: 0}
--- !u!4 &4000013765225564
Transform:
  m_ObjectHideFlags: 1
  m_PrefabParentObject: {fileID: 0}
  m_PrefabInternal: {fileID: 100100000}
  m_GameObject: {fileID: 1000013255082030}
  m_LocalRotation: {x: 0.8775415, y: -0.01619656, z: -0.008843692, w: -0.4791455}
  m_LocalPosition: {x: -0.7407936, y: 0.3918802, z: -0.95083666}
  m_LocalScale: {x: 0.99999976, y: 0.9999999, z: 1.0000002}
  m_Children:
  - {fileID: 4000010588299302}
  m_Father: {fileID: 4000013123901236}
  m_RootOrder: 3
  m_LocalEulerAnglesHint: {x: 0, y: 0, z: 0}
--- !u!4 &4000013895349642
Transform:
  m_ObjectHideFlags: 1
  m_PrefabParentObject: {fileID: 0}
  m_PrefabInternal: {fileID: 100100000}
  m_GameObject: {fileID: 1000013222783168}
  m_LocalRotation: {x: -0.03470771, y: 0.0007684233, z: -0.013303774, w: 0.9993087}
  m_LocalPosition: {x: -0.00000022351742, y: 1.5051559, z: -0.000000029935222}
  m_LocalScale: {x: 0.99999964, y: 0.9999999, z: 0.9999997}
  m_Children:
  - {fileID: 4000011310685208}
  - {fileID: 4000011142926790}
  m_Father: {fileID: 4000010791893602}
  m_RootOrder: 0
  m_LocalEulerAnglesHint: {x: 0, y: 0, z: 0}
--- !u!4 &4000014002333150
Transform:
  m_ObjectHideFlags: 1
  m_PrefabParentObject: {fileID: 0}
  m_PrefabInternal: {fileID: 100100000}
  m_GameObject: {fileID: 1000011031740556}
  m_LocalRotation: {x: -0.0000000011641533, y: 0.00000009522773, z: 0.000000016596461,
    w: 1}
  m_LocalPosition: {x: -0.00000013411045, y: 4.525531, z: -0.000000004656613}
  m_LocalScale: {x: 0.99999994, y: 0.99999994, z: 1}
  m_Children:
  - {fileID: 4000012663311884}
  m_Father: {fileID: 4000011476943542}
  m_RootOrder: 0
  m_LocalEulerAnglesHint: {x: 0, y: 0, z: 0}
--- !u!4 &4000014056765224
Transform:
  m_ObjectHideFlags: 1
  m_PrefabParentObject: {fileID: 0}
  m_PrefabInternal: {fileID: 100100000}
  m_GameObject: {fileID: 1000013319090904}
  m_LocalRotation: {x: 0, y: -0, z: -0, w: 1}
  m_LocalPosition: {x: -0, y: 0.31168753, z: 0}
  m_LocalScale: {x: 1, y: 1, z: 1}
  m_Children: []
  m_Father: {fileID: 4000013274056254}
  m_RootOrder: 0
  m_LocalEulerAnglesHint: {x: 0, y: 0, z: 0}
--- !u!4 &4000014098036668
Transform:
  m_ObjectHideFlags: 1
  m_PrefabParentObject: {fileID: 0}
  m_PrefabInternal: {fileID: 100100000}
  m_GameObject: {fileID: 1000013941563280}
  m_LocalRotation: {x: 0.00000008533206, y: -0.009241725, z: 0.000000002217654, w: 0.9999573}
  m_LocalPosition: {x: -0.01347996, y: 4.097793, z: 0.9831885}
  m_LocalScale: {x: 23.4881, y: 23.488096, z: 23.4881}
  m_Children: []
  m_Father: {fileID: 4000012760071430}
  m_RootOrder: 2
  m_LocalEulerAnglesHint: {x: 0, y: 0, z: 0}
--- !u!4 &4000014100011402
Transform:
  m_ObjectHideFlags: 1
  m_PrefabParentObject: {fileID: 0}
  m_PrefabInternal: {fileID: 100100000}
  m_GameObject: {fileID: 1000010885440074}
  m_LocalRotation: {x: 0.044967663, y: 0.018097926, z: 0.0035304532, w: 0.9988183}
  m_LocalPosition: {x: -0.004597705, y: 5.5377765, z: -0.071420565}
  m_LocalScale: {x: 1.0000002, y: 0.99999976, z: 0.9999997}
  m_Children:
  - {fileID: 4000011312128690}
  m_Father: {fileID: 4000012774227808}
  m_RootOrder: 0
  m_LocalEulerAnglesHint: {x: 0, y: 0, z: 0}
--- !u!4 &4000014215553714
Transform:
  m_ObjectHideFlags: 1
  m_PrefabParentObject: {fileID: 0}
  m_PrefabInternal: {fileID: 100100000}
  m_GameObject: {fileID: 1000011495905822}
  m_LocalRotation: {x: 0, y: -0, z: -0, w: 1}
  m_LocalPosition: {x: -0, y: 6.8227787, z: 0}
  m_LocalScale: {x: 1, y: 1, z: 1}
  m_Children: []
  m_Father: {fileID: 4000011312128690}
  m_RootOrder: 0
  m_LocalEulerAnglesHint: {x: 0, y: 0, z: 0}
--- !u!111 &111000013187527508
Animation:
  m_ObjectHideFlags: 1
  m_PrefabParentObject: {fileID: 0}
  m_PrefabInternal: {fileID: 100100000}
  m_GameObject: {fileID: 1000012630354668}
  m_Enabled: 1
  serializedVersion: 3
  m_Animation: {fileID: 7400012, guid: 7d526166035367f40be527e3eca6d838, type: 3}
  m_Animations:
  - {fileID: 7400000, guid: 7d526166035367f40be527e3eca6d838, type: 3}
  - {fileID: 7400002, guid: 7d526166035367f40be527e3eca6d838, type: 3}
  - {fileID: 7400004, guid: 7d526166035367f40be527e3eca6d838, type: 3}
  - {fileID: 7400006, guid: 7d526166035367f40be527e3eca6d838, type: 3}
  - {fileID: 7400008, guid: 7d526166035367f40be527e3eca6d838, type: 3}
  - {fileID: 7400010, guid: 7d526166035367f40be527e3eca6d838, type: 3}
  - {fileID: 7400012, guid: 7d526166035367f40be527e3eca6d838, type: 3}
  - {fileID: 7400014, guid: 7d526166035367f40be527e3eca6d838, type: 3}
  - {fileID: 7400016, guid: 7d526166035367f40be527e3eca6d838, type: 3}
  m_WrapMode: 0
  m_PlayAutomatically: 1
  m_AnimatePhysics: 0
  m_CullingType: 1
--- !u!137 &137000010469327246
SkinnedMeshRenderer:
  m_ObjectHideFlags: 1
  m_PrefabParentObject: {fileID: 0}
  m_PrefabInternal: {fileID: 100100000}
  m_GameObject: {fileID: 1000013941563280}
  m_Enabled: 1
  m_CastShadows: 1
  m_ReceiveShadows: 1
  m_DynamicOccludee: 1
  m_MotionVectors: 1
  m_LightProbeUsage: 1
  m_ReflectionProbeUsage: 1
  m_Materials:
  - {fileID: 2100000, guid: 125b73bac664c9548a11ef67809a2981, type: 2}
  m_StaticBatchInfo:
    firstSubMesh: 0
    subMeshCount: 0
  m_StaticBatchRoot: {fileID: 0}
  m_ProbeAnchor: {fileID: 0}
  m_LightProbeVolumeOverride: {fileID: 0}
  m_ScaleInLightmap: 1
  m_PreserveUVs: 0
  m_IgnoreNormalsForChartDetection: 0
  m_ImportantGI: 0
  m_StitchLightmapSeams: 0
  m_SelectedEditorRenderState: 3
  m_MinimumChartSize: 4
  m_AutoUVMaxDistance: 0.5
  m_AutoUVMaxAngle: 89
  m_LightmapParameters: {fileID: 0}
  m_SortingLayerID: 0
  m_SortingLayer: 0
  m_SortingOrder: 0
  serializedVersion: 2
  m_Quality: 0
  m_UpdateWhenOffscreen: 1
  m_SkinnedMotionVectors: 1
  m_Mesh: {fileID: 4300004, guid: 7d526166035367f40be527e3eca6d838, type: 3}
  m_Bones:
  - {fileID: 4000013123901236}
  - {fileID: 4000013439134206}
  - {fileID: 4000013565381978}
  - {fileID: 4000011147939540}
  - {fileID: 4000010283026994}
  - {fileID: 4000013265685804}
  - {fileID: 4000012430015082}
  - {fileID: 4000011476943542}
  - {fileID: 4000014002333150}
  - {fileID: 4000013765225564}
  - {fileID: 4000010588299302}
  - {fileID: 4000012573615522}
  - {fileID: 4000011672898808}
  - {fileID: 4000013379860982}
  - {fileID: 4000012611031964}
  - {fileID: 4000010075937862}
  - {fileID: 4000013675670436}
  - {fileID: 4000010791893602}
  - {fileID: 4000013895349642}
  - {fileID: 4000011310685208}
  - {fileID: 4000011051956860}
  - {fileID: 4000012544562976}
  - {fileID: 4000011142926790}
  - {fileID: 4000011966794922}
  - {fileID: 4000013274056254}
  - {fileID: 4000012774227808}
  - {fileID: 4000014100011402}
  - {fileID: 4000011312128690}
  - {fileID: 4000012316025322}
  - {fileID: 4000013747845850}
  - {fileID: 4000012068626220}
  m_BlendShapeWeights: []
  m_RootBone: {fileID: 4000013123901236}
  m_AABB:
    m_Center: {x: 0.03751421, y: 0.89828014, z: 0.5972862}
    m_Extent: {x: 15.664375, y: 13.805951, z: 14.607439}
  m_DirtyAABB: 0
--- !u!137 &137000012963473694
SkinnedMeshRenderer:
  m_ObjectHideFlags: 1
  m_PrefabParentObject: {fileID: 0}
  m_PrefabInternal: {fileID: 100100000}
  m_GameObject: {fileID: 1000012358725950}
  m_Enabled: 1
  m_CastShadows: 1
  m_ReceiveShadows: 1
  m_DynamicOccludee: 1
  m_MotionVectors: 1
  m_LightProbeUsage: 1
  m_ReflectionProbeUsage: 1
  m_Materials:
  - {fileID: 2100000, guid: 125b73bac664c9548a11ef67809a2981, type: 2}
  m_StaticBatchInfo:
    firstSubMesh: 0
    subMeshCount: 0
  m_StaticBatchRoot: {fileID: 0}
  m_ProbeAnchor: {fileID: 0}
  m_LightProbeVolumeOverride: {fileID: 0}
  m_ScaleInLightmap: 1
  m_PreserveUVs: 0
  m_IgnoreNormalsForChartDetection: 0
  m_ImportantGI: 0
  m_StitchLightmapSeams: 0
  m_SelectedEditorRenderState: 3
  m_MinimumChartSize: 4
  m_AutoUVMaxDistance: 0.5
  m_AutoUVMaxAngle: 89
  m_LightmapParameters: {fileID: 0}
  m_SortingLayerID: 0
  m_SortingLayer: 0
  m_SortingOrder: 0
  serializedVersion: 2
  m_Quality: 0
  m_UpdateWhenOffscreen: 1
  m_SkinnedMotionVectors: 1
  m_Mesh: {fileID: 4300002, guid: 7d526166035367f40be527e3eca6d838, type: 3}
  m_Bones:
  - {fileID: 4000013123901236}
  - {fileID: 4000013439134206}
  - {fileID: 4000013565381978}
  - {fileID: 4000011147939540}
  - {fileID: 4000010283026994}
  - {fileID: 4000013265685804}
  - {fileID: 4000012430015082}
  - {fileID: 4000011476943542}
  - {fileID: 4000014002333150}
  - {fileID: 4000013765225564}
  - {fileID: 4000010588299302}
  - {fileID: 4000012573615522}
  - {fileID: 4000011672898808}
  - {fileID: 4000013379860982}
  - {fileID: 4000012611031964}
  - {fileID: 4000010075937862}
  - {fileID: 4000013675670436}
  - {fileID: 4000010791893602}
  - {fileID: 4000013895349642}
  - {fileID: 4000011310685208}
  - {fileID: 4000011051956860}
  - {fileID: 4000012544562976}
  - {fileID: 4000011142926790}
  - {fileID: 4000011966794922}
  - {fileID: 4000013274056254}
  - {fileID: 4000012774227808}
  - {fileID: 4000014100011402}
  - {fileID: 4000011312128690}
  - {fileID: 4000012316025322}
  - {fileID: 4000013747845850}
  - {fileID: 4000012068626220}
  m_BlendShapeWeights: []
  m_RootBone: {fileID: 4000013123901236}
  m_AABB:
    m_Center: {x: -0.0014829636, y: 0.8964653, z: 0.596581}
    m_Extent: {x: 15.645087, y: 13.823633, z: 14.627619}
  m_DirtyAABB: 0
--- !u!137 &137000014053559234
SkinnedMeshRenderer:
  m_ObjectHideFlags: 1
  m_PrefabParentObject: {fileID: 0}
  m_PrefabInternal: {fileID: 100100000}
  m_GameObject: {fileID: 1000011938421398}
  m_Enabled: 1
  m_CastShadows: 1
  m_ReceiveShadows: 1
  m_DynamicOccludee: 1
  m_MotionVectors: 1
  m_LightProbeUsage: 1
  m_ReflectionProbeUsage: 1
  m_Materials:
  - {fileID: 2100000, guid: 125b73bac664c9548a11ef67809a2981, type: 2}
  m_StaticBatchInfo:
    firstSubMesh: 0
    subMeshCount: 0
  m_StaticBatchRoot: {fileID: 0}
  m_ProbeAnchor: {fileID: 0}
  m_LightProbeVolumeOverride: {fileID: 0}
  m_ScaleInLightmap: 1
  m_PreserveUVs: 0
  m_IgnoreNormalsForChartDetection: 0
  m_ImportantGI: 0
  m_StitchLightmapSeams: 0
  m_SelectedEditorRenderState: 3
  m_MinimumChartSize: 4
  m_AutoUVMaxDistance: 0.5
  m_AutoUVMaxAngle: 89
  m_LightmapParameters: {fileID: 0}
  m_SortingLayerID: 0
  m_SortingLayer: 0
  m_SortingOrder: 0
  serializedVersion: 2
  m_Quality: 0
  m_UpdateWhenOffscreen: 1
  m_SkinnedMotionVectors: 1
  m_Mesh: {fileID: 4300000, guid: 7d526166035367f40be527e3eca6d838, type: 3}
  m_Bones:
  - {fileID: 4000013123901236}
  - {fileID: 4000013439134206}
  - {fileID: 4000013565381978}
  - {fileID: 4000011147939540}
  - {fileID: 4000010283026994}
  - {fileID: 4000013265685804}
  - {fileID: 4000012430015082}
  - {fileID: 4000011476943542}
  - {fileID: 4000014002333150}
  - {fileID: 4000013765225564}
  - {fileID: 4000010588299302}
  - {fileID: 4000012573615522}
  - {fileID: 4000011672898808}
  - {fileID: 4000013379860982}
  - {fileID: 4000012611031964}
  - {fileID: 4000010075937862}
  - {fileID: 4000013675670436}
  - {fileID: 4000010791893602}
  - {fileID: 4000013895349642}
  - {fileID: 4000011310685208}
  - {fileID: 4000011051956860}
  - {fileID: 4000012544562976}
  - {fileID: 4000011142926790}
  - {fileID: 4000011966794922}
  - {fileID: 4000013274056254}
  - {fileID: 4000012774227808}
  - {fileID: 4000014100011402}
  - {fileID: 4000011312128690}
  - {fileID: 4000012316025322}
  - {fileID: 4000013747845850}
  - {fileID: 4000012068626220}
  m_BlendShapeWeights: []
  m_RootBone: {fileID: 4000013123901236}
  m_AABB:
    m_Center: {x: 0.039186478, y: 0.89010954, z: 0.5970874}
    m_Extent: {x: 15.591716, y: 13.721975, z: 14.531847}
  m_DirtyAABB: 0
--- !u!205 &205000013029225444
LODGroup:
  m_ObjectHideFlags: 1
  m_PrefabParentObject: {fileID: 0}
  m_PrefabInternal: {fileID: 100100000}
  m_GameObject: {fileID: 1000012630354668}
  serializedVersion: 2
  m_LocalReferencePoint: {x: -0.02014637, y: 8.0491, z: -0.23712349}
  m_Size: 31.889946
  m_FadeMode: 0
  m_AnimateCrossFading: 0
  m_LODs:
  - screenRelativeHeight: 0.6
    fadeTransitionWidth: 0
    renderers:
    - renderer: {fileID: 137000012963473694}
  - screenRelativeHeight: 0.3
    fadeTransitionWidth: 0
    renderers:
    - renderer: {fileID: 137000010469327246}
  - screenRelativeHeight: 0.02917992
    fadeTransitionWidth: 0
    renderers:
    - renderer: {fileID: 137000014053559234}
  m_Enabled: 1
