%YAML 1.1
%TAG !u! tag:unity3d.com,2011:
--- !u!1001 &100100000
Prefab:
  m_ObjectHideFlags: 1
  serializedVersion: 2
  m_Modification:
    m_TransformParent: {fileID: 0}
    m_Modifications: []
    m_RemovedComponents: []
  m_ParentPrefab: {fileID: 0}
  m_RootGameObject: {fileID: 1000011923754272}
  m_IsPrefabParent: 1
--- !u!1 &1000010153690398
GameObject:
  m_ObjectHideFlags: 1
  m_PrefabParentObject: {fileID: 0}
  m_PrefabInternal: {fileID: 100100000}
  serializedVersion: 5
  m_Component:
  - component: {fileID: 4000010502436468}
  m_Layer: 0
  m_Name: mouth_end_end
  m_TagString: Untagged
  m_Icon: {fileID: 0}
  m_NavMeshLayer: 0
  m_StaticEditorFlags: 0
  m_IsActive: 1
--- !u!1 &1000010301428878
GameObject:
  m_ObjectHideFlags: 0
  m_PrefabParentObject: {fileID: 0}
  m_PrefabInternal: {fileID: 100100000}
  serializedVersion: 5
  m_Component:
  - component: {fileID: 4000010910698068}
  - component: {fileID: 137000012050746424}
  m_Layer: 0
  m_Name: Snake
  m_TagString: Untagged
  m_Icon: {fileID: 0}
  m_NavMeshLayer: 0
  m_StaticEditorFlags: 0
  m_IsActive: 1
--- !u!1 &1000010610870062
GameObject:
  m_ObjectHideFlags: 1
  m_PrefabParentObject: {fileID: 0}
  m_PrefabInternal: {fileID: 100100000}
  serializedVersion: 5
  m_Component:
  - component: {fileID: 4000010910575922}
  m_Layer: 0
  m_Name: body8_end_end
  m_TagString: Untagged
  m_Icon: {fileID: 0}
  m_NavMeshLayer: 0
  m_StaticEditorFlags: 0
  m_IsActive: 1
--- !u!1 &1000010682646916
GameObject:
  m_ObjectHideFlags: 1
  m_PrefabParentObject: {fileID: 0}
  m_PrefabInternal: {fileID: 100100000}
  serializedVersion: 5
  m_Component:
  - component: {fileID: 4000011100885748}
  m_Layer: 0
  m_Name: mouth_end
  m_TagString: Untagged
  m_Icon: {fileID: 0}
  m_NavMeshLayer: 0
  m_StaticEditorFlags: 0
  m_IsActive: 1
--- !u!1 &1000010833635736
GameObject:
  m_ObjectHideFlags: 1
  m_PrefabParentObject: {fileID: 0}
  m_PrefabInternal: {fileID: 100100000}
  serializedVersion: 5
  m_Component:
  - component: {fileID: 4000011567589226}
  m_Layer: 0
  m_Name: body5
  m_TagString: Untagged
  m_Icon: {fileID: 0}
  m_NavMeshLayer: 0
  m_StaticEditorFlags: 0
  m_IsActive: 1
--- !u!1 &1000011038792134
GameObject:
  m_ObjectHideFlags: 0
  m_PrefabParentObject: {fileID: 0}
  m_PrefabInternal: {fileID: 100100000}
  serializedVersion: 5
  m_Component:
  - component: {fileID: 4000010004744330}
  m_Layer: 0
  m_Name: SnakeSkeleton
  m_TagString: Untagged
  m_Icon: {fileID: 0}
  m_NavMeshLayer: 0
  m_StaticEditorFlags: 0
  m_IsActive: 1
--- !u!1 &1000011124233928
GameObject:
  m_ObjectHideFlags: 1
  m_PrefabParentObject: {fileID: 0}
  m_PrefabInternal: {fileID: 100100000}
  serializedVersion: 5
  m_Component:
  - component: {fileID: 4000010833662154}
  m_Layer: 0
  m_Name: Head
  m_TagString: Untagged
  m_Icon: {fileID: 0}
  m_NavMeshLayer: 0
  m_StaticEditorFlags: 0
  m_IsActive: 1
--- !u!1 &1000011150342572
GameObject:
  m_ObjectHideFlags: 1
  m_PrefabParentObject: {fileID: 0}
  m_PrefabInternal: {fileID: 100100000}
  serializedVersion: 5
  m_Component:
  - component: {fileID: 4000011395203402}
  m_Layer: 0
  m_Name: body8
  m_TagString: Untagged
  m_Icon: {fileID: 0}
  m_NavMeshLayer: 0
  m_StaticEditorFlags: 0
  m_IsActive: 1
--- !u!1 &1000011542409774
GameObject:
  m_ObjectHideFlags: 0
  m_PrefabParentObject: {fileID: 0}
  m_PrefabInternal: {fileID: 100100000}
  serializedVersion: 5
  m_Component:
  - component: {fileID: 4000012103543032}
  - component: {fileID: 137000013058821926}
  m_Layer: 0
  m_Name: SnakeLOD1
  m_TagString: Untagged
  m_Icon: {fileID: 0}
  m_NavMeshLayer: 0
  m_StaticEditorFlags: 0
  m_IsActive: 1
--- !u!1 &1000011923754272
GameObject:
  m_ObjectHideFlags: 0
  m_PrefabParentObject: {fileID: 0}
  m_PrefabInternal: {fileID: 100100000}
  serializedVersion: 5
  m_Component:
  - component: {fileID: 4000012156688788}
  - component: {fileID: 111000011598247012}
  - component: {fileID: 205000012648419928}
  m_Layer: 0
  m_Name: 'SnakeColor2S '
  m_TagString: Untagged
  m_Icon: {fileID: 0}
  m_NavMeshLayer: 0
  m_StaticEditorFlags: 0
  m_IsActive: 1
--- !u!1 &1000012233138972
GameObject:
  m_ObjectHideFlags: 1
  m_PrefabParentObject: {fileID: 0}
  m_PrefabInternal: {fileID: 100100000}
  serializedVersion: 5
  m_Component:
  - component: {fileID: 4000010044595412}
  m_Layer: 0
  m_Name: body1
  m_TagString: Untagged
  m_Icon: {fileID: 0}
  m_NavMeshLayer: 0
  m_StaticEditorFlags: 0
  m_IsActive: 1
--- !u!1 &1000012669002940
GameObject:
  m_ObjectHideFlags: 1
  m_PrefabParentObject: {fileID: 0}
  m_PrefabInternal: {fileID: 100100000}
  serializedVersion: 5
  m_Component:
  - component: {fileID: 4000010592955548}
  m_Layer: 0
  m_Name: body7
  m_TagString: Untagged
  m_Icon: {fileID: 0}
  m_NavMeshLayer: 0
  m_StaticEditorFlags: 0
  m_IsActive: 1
--- !u!1 &1000013037536552
GameObject:
  m_ObjectHideFlags: 1
  m_PrefabParentObject: {fileID: 0}
  m_PrefabInternal: {fileID: 100100000}
  serializedVersion: 5
  m_Component:
  - component: {fileID: 4000013888201796}
  m_Layer: 0
  m_Name: mouth
  m_TagString: Untagged
  m_Icon: {fileID: 0}
  m_NavMeshLayer: 0
  m_StaticEditorFlags: 0
  m_IsActive: 1
--- !u!1 &1000013225966476
GameObject:
  m_ObjectHideFlags: 1
  m_PrefabParentObject: {fileID: 0}
  m_PrefabInternal: {fileID: 100100000}
  serializedVersion: 5
  m_Component:
  - component: {fileID: 4000012985285840}
  m_Layer: 0
  m_Name: body4
  m_TagString: Untagged
  m_Icon: {fileID: 0}
  m_NavMeshLayer: 0
  m_StaticEditorFlags: 0
  m_IsActive: 1
--- !u!1 &1000013242005676
GameObject:
  m_ObjectHideFlags: 0
  m_PrefabParentObject: {fileID: 0}
  m_PrefabInternal: {fileID: 100100000}
  serializedVersion: 5
  m_Component:
  - component: {fileID: 4000014064044304}
  - component: {fileID: 137000013430678354}
  m_Layer: 0
  m_Name: SnakeLOD2
  m_TagString: Untagged
  m_Icon: {fileID: 0}
  m_NavMeshLayer: 0
  m_StaticEditorFlags: 0
  m_IsActive: 1
--- !u!1 &1000013435050000
GameObject:
  m_ObjectHideFlags: 1
  m_PrefabParentObject: {fileID: 0}
  m_PrefabInternal: {fileID: 100100000}
  serializedVersion: 5
  m_Component:
  - component: {fileID: 4000013523360052}
  m_Layer: 0
  m_Name: body3
  m_TagString: Untagged
  m_Icon: {fileID: 0}
  m_NavMeshLayer: 0
  m_StaticEditorFlags: 0
  m_IsActive: 1
--- !u!1 &1000014130441710
GameObject:
  m_ObjectHideFlags: 1
  m_PrefabParentObject: {fileID: 0}
  m_PrefabInternal: {fileID: 100100000}
  serializedVersion: 5
  m_Component:
  - component: {fileID: 4000011993001198}
  m_Layer: 0
  m_Name: body6
  m_TagString: Untagged
  m_Icon: {fileID: 0}
  m_NavMeshLayer: 0
  m_StaticEditorFlags: 0
  m_IsActive: 1
--- !u!1 &1000014133509462
GameObject:
  m_ObjectHideFlags: 1
  m_PrefabParentObject: {fileID: 0}
  m_PrefabInternal: {fileID: 100100000}
  serializedVersion: 5
  m_Component:
  - component: {fileID: 4000013157419200}
  m_Layer: 0
  m_Name: body2
  m_TagString: Untagged
  m_Icon: {fileID: 0}
  m_NavMeshLayer: 0
  m_StaticEditorFlags: 0
  m_IsActive: 1
--- !u!1 &1000014221861614
GameObject:
  m_ObjectHideFlags: 1
  m_PrefabParentObject: {fileID: 0}
  m_PrefabInternal: {fileID: 100100000}
  serializedVersion: 5
  m_Component:
  - component: {fileID: 4000010109866958}
  m_Layer: 0
  m_Name: body8_end
  m_TagString: Untagged
  m_Icon: {fileID: 0}
  m_NavMeshLayer: 0
  m_StaticEditorFlags: 0
  m_IsActive: 1
--- !u!4 &4000010004744330
Transform:
  m_ObjectHideFlags: 1
  m_PrefabParentObject: {fileID: 0}
  m_PrefabInternal: {fileID: 100100000}
  m_GameObject: {fileID: 1000011038792134}
  m_LocalRotation: {x: -0.7070787, y: -0.0063304496, z: -0.006330433, w: 0.7070783}
  m_LocalPosition: {x: -0.14931247, y: 0.5075302, z: -8.811144}
  m_LocalScale: {x: 0.99999964, y: 0.99999964, z: 1}
  m_Children:
  - {fileID: 4000012985285840}
  m_Father: {fileID: 4000012156688788}
  m_RootOrder: 3
  m_LocalEulerAnglesHint: {x: 0, y: 0, z: 0}
--- !u!4 &4000010044595412
Transform:
  m_ObjectHideFlags: 1
  m_PrefabParentObject: {fileID: 0}
  m_PrefabInternal: {fileID: 100100000}
  m_GameObject: {fileID: 1000012233138972}
  m_LocalRotation: {x: -0.04363746, y: 0.027144656, z: -0.28566173, w: 0.9569516}
  m_LocalPosition: {x: -0.000000044703484, y: 2.192029, z: -0.00000032316893}
  m_LocalScale: {x: 0.99999994, y: 0.9999996, z: 1.0000001}
  m_Children:
  - {fileID: 4000010833662154}
  m_Father: {fileID: 4000013157419200}
  m_RootOrder: 0
  m_LocalEulerAnglesHint: {x: 0, y: 0, z: 0}
--- !u!4 &4000010109866958
Transform:
  m_ObjectHideFlags: 1
  m_PrefabParentObject: {fileID: 0}
  m_PrefabInternal: {fileID: 100100000}
  m_GameObject: {fileID: 1000014221861614}
  m_LocalRotation: {x: 0.000000011175871, y: -0.000000035390254, z: 0.00000001769513,
    w: 1}
  m_LocalPosition: {x: 0.00000013411045, y: 1.8037133, z: 0}
  m_LocalScale: {x: 1, y: 0.99999994, z: 1}
  m_Children:
  - {fileID: 4000010910575922}
  m_Father: {fileID: 4000011395203402}
  m_RootOrder: 0
  m_LocalEulerAnglesHint: {x: 0, y: 0, z: 0}
--- !u!4 &4000010502436468
Transform:
  m_ObjectHideFlags: 1
  m_PrefabParentObject: {fileID: 0}
  m_PrefabInternal: {fileID: 100100000}
  m_GameObject: {fileID: 1000010153690398}
  m_LocalRotation: {x: 0, y: -0, z: -0, w: 1}
  m_LocalPosition: {x: -0, y: 0.96424073, z: 0}
  m_LocalScale: {x: 1, y: 1, z: 1}
  m_Children: []
  m_Father: {fileID: 4000011100885748}
  m_RootOrder: 0
  m_LocalEulerAnglesHint: {x: 0, y: 0, z: 0}
--- !u!4 &4000010592955548
Transform:
  m_ObjectHideFlags: 1
  m_PrefabParentObject: {fileID: 0}
  m_PrefabInternal: {fileID: 100100000}
  m_GameObject: {fileID: 1000012669002940}
  m_LocalRotation: {x: -0.07614483, y: 0.06866461, z: 0.46523678, w: 0.879228}
  m_LocalPosition: {x: -0.00000009732321, y: 1.5851548, z: 0.000000007450581}
  m_LocalScale: {x: 0.9999996, y: 0.99999976, z: 0.9999995}
  m_Children:
  - {fileID: 4000011395203402}
  m_Father: {fileID: 4000011993001198}
  m_RootOrder: 0
  m_LocalEulerAnglesHint: {x: 0, y: 0, z: 0}
--- !u!4 &4000010833662154
Transform:
  m_ObjectHideFlags: 1
  m_PrefabParentObject: {fileID: 0}
  m_PrefabInternal: {fileID: 100100000}
  m_GameObject: {fileID: 1000011124233928}
  m_LocalRotation: {x: -0.49491945, y: -0.13232423, z: 0.1635477, w: 0.8430879}
  m_LocalPosition: {x: 0.000000059604645, y: 2.5153284, z: -0.0000015702099}
  m_LocalScale: {x: 0.99999964, y: 0.9999999, z: 1.0000001}
  m_Children:
  - {fileID: 4000013888201796}
  m_Father: {fileID: 4000010044595412}
  m_RootOrder: 0
  m_LocalEulerAnglesHint: {x: 0, y: 0, z: 0}
--- !u!4 &4000010910575922
Transform:
  m_ObjectHideFlags: 1
  m_PrefabParentObject: {fileID: 0}
  m_PrefabInternal: {fileID: 100100000}
  m_GameObject: {fileID: 1000010610870062}
  m_LocalRotation: {x: 0, y: -0, z: -0, w: 1}
  m_LocalPosition: {x: -0, y: 1.8037132, z: 0}
  m_LocalScale: {x: 1, y: 1, z: 1}
  m_Children: []
  m_Father: {fileID: 4000010109866958}
  m_RootOrder: 0
  m_LocalEulerAnglesHint: {x: 0, y: 0, z: 0}
--- !u!4 &4000010910698068
Transform:
  m_ObjectHideFlags: 1
  m_PrefabParentObject: {fileID: 0}
  m_PrefabInternal: {fileID: 100100000}
  m_GameObject: {fileID: 1000010301428878}
  m_LocalRotation: {x: -0.00051271135, y: -0.040980313, z: 0.0758265, w: 0.99627846}
  m_LocalPosition: {x: 0.0423128, y: 0.85708356, z: 0.66674715}
  m_LocalScale: {x: 0.011900276, y: 0.011900286, z: 0.011900275}
  m_Children: []
  m_Father: {fileID: 4000012156688788}
  m_RootOrder: 0
  m_LocalEulerAnglesHint: {x: 0, y: 0, z: 0}
--- !u!4 &4000011100885748
Transform:
  m_ObjectHideFlags: 1
  m_PrefabParentObject: {fileID: 0}
  m_PrefabInternal: {fileID: 100100000}
  m_GameObject: {fileID: 1000010682646916}
  m_LocalRotation: {x: 0.000000044703487, y: -0.0000003888272, z: 0.000000009778887,
    w: 1}
  m_LocalPosition: {x: -0.00000017881393, y: 0.96424234, z: -0.00000037252903}
  m_LocalScale: {x: 1, y: 1, z: 0.99999994}
  m_Children:
  - {fileID: 4000010502436468}
  m_Father: {fileID: 4000013888201796}
  m_RootOrder: 0
  m_LocalEulerAnglesHint: {x: 0, y: 0, z: 0}
--- !u!4 &4000011395203402
Transform:
  m_ObjectHideFlags: 1
  m_PrefabParentObject: {fileID: 0}
  m_PrefabInternal: {fileID: 100100000}
  m_GameObject: {fileID: 1000011150342572}
  m_LocalRotation: {x: -0.147663, y: 0.06700911, z: 0.27933294, w: 0.94640297}
  m_LocalPosition: {x: 0.00000009313226, y: 1.6292164, z: -0.000000059604645}
  m_LocalScale: {x: 0.9999999, y: 0.99999976, z: 0.9999997}
  m_Children:
  - {fileID: 4000010109866958}
  m_Father: {fileID: 4000010592955548}
  m_RootOrder: 0
  m_LocalEulerAnglesHint: {x: 0, y: 0, z: 0}
--- !u!4 &4000011567589226
Transform:
  m_ObjectHideFlags: 1
  m_PrefabParentObject: {fileID: 0}
  m_PrefabInternal: {fileID: 100100000}
  m_GameObject: {fileID: 1000010833635736}
  m_LocalRotation: {x: 0.00028311988, y: 0.00043335068, z: 0.8978428, w: 0.4403159}
  m_LocalPosition: {x: 0.007849608, y: -0.267209, z: 0.000000008791176}
  m_LocalScale: {x: 0.9998607, y: 0.9997537, z: 1}
  m_Children:
  - {fileID: 4000011993001198}
  m_Father: {fileID: 4000012985285840}
  m_RootOrder: 1
  m_LocalEulerAnglesHint: {x: 0, y: 0, z: 0}
--- !u!4 &4000011993001198
Transform:
  m_ObjectHideFlags: 1
  m_PrefabParentObject: {fileID: 0}
  m_PrefabInternal: {fileID: 100100000}
  m_GameObject: {fileID: 1000014130441710}
  m_LocalRotation: {x: -0.031786125, y: 0.015680134, z: 0.40233454, w: 0.91480637}
  m_LocalPosition: {x: 0.0000004984613, y: 1.8780553, z: 0.0000000088475645}
  m_LocalScale: {x: 0.99999994, y: 0.9999998, z: 0.9999998}
  m_Children:
  - {fileID: 4000010592955548}
  m_Father: {fileID: 4000011567589226}
  m_RootOrder: 0
  m_LocalEulerAnglesHint: {x: 0, y: 0, z: 0}
--- !u!4 &4000012103543032
Transform:
  m_ObjectHideFlags: 1
  m_PrefabParentObject: {fileID: 0}
  m_PrefabInternal: {fileID: 100100000}
  m_GameObject: {fileID: 1000011542409774}
  m_LocalRotation: {x: -0.00051271135, y: -0.040980313, z: 0.0758265, w: 0.99627846}
  m_LocalPosition: {x: 0.042312965, y: 0.85708356, z: 0.6667481}
  m_LocalScale: {x: 0.011900277, y: 0.011900286, z: 0.011900277}
  m_Children: []
  m_Father: {fileID: 4000012156688788}
  m_RootOrder: 1
  m_LocalEulerAnglesHint: {x: 0, y: 0, z: 0}
--- !u!4 &4000012156688788
Transform:
  m_ObjectHideFlags: 1
  m_PrefabParentObject: {fileID: 0}
  m_PrefabInternal: {fileID: 100100000}
  m_GameObject: {fileID: 1000011923754272}
  m_LocalRotation: {x: 0, y: 0, z: 0, w: 1}
  m_LocalPosition: {x: 0, y: 0, z: 0}
  m_LocalScale: {x: 1, y: 1, z: 1}
  m_Children:
  - {fileID: 4000010910698068}
  - {fileID: 4000012103543032}
  - {fileID: 4000014064044304}
  - {fileID: 4000010004744330}
  m_Father: {fileID: 0}
  m_RootOrder: 0
  m_LocalEulerAnglesHint: {x: 0, y: 0, z: 0}
--- !u!4 &4000012985285840
Transform:
  m_ObjectHideFlags: 1
  m_PrefabParentObject: {fileID: 0}
  m_PrefabInternal: {fileID: 100100000}
  m_GameObject: {fileID: 1000013225966476}
  m_LocalRotation: {x: 0.0012320409, y: -0.003982283, z: 0.95566994, w: 0.2944106}
  m_LocalPosition: {x: 0.78974605, y: -6.797223, z: -0.05904702}
  m_LocalScale: {x: 1.0001236, y: 1.0000539, z: 1.0000002}
  m_Children:
  - {fileID: 4000013523360052}
  - {fileID: 4000011567589226}
  m_Father: {fileID: 4000010004744330}
  m_RootOrder: 0
  m_LocalEulerAnglesHint: {x: 0, y: 0, z: 0}
--- !u!4 &4000013157419200
Transform:
  m_ObjectHideFlags: 1
  m_PrefabParentObject: {fileID: 0}
  m_PrefabInternal: {fileID: 100100000}
  m_GameObject: {fileID: 1000014133509462}
  m_LocalRotation: {x: 0.33459964, y: -0.062113687, z: 0.1652118, w: 0.9256836}
  m_LocalPosition: {x: 0.000000040978193, y: 2.2662094, z: 0.00000034552068}
  m_LocalScale: {x: 1.0000001, y: 0.99999994, z: 0.9999999}
  m_Children:
  - {fileID: 4000010044595412}
  m_Father: {fileID: 4000013523360052}
  m_RootOrder: 0
  m_LocalEulerAnglesHint: {x: 0, y: 0, z: 0}
--- !u!4 &4000013523360052
Transform:
  m_ObjectHideFlags: 1
  m_PrefabParentObject: {fileID: 0}
  m_PrefabInternal: {fileID: 100100000}
  m_GameObject: {fileID: 1000013435050000}
  m_LocalRotation: {x: 0.20790529, y: 0.081954435, z: 0.25379804, w: 0.94108737}
  m_LocalPosition: {x: -0.0000007933704, y: 2.5190642, z: 0.000000019205345}
  m_LocalScale: {x: 0.99999964, y: 0.99999976, z: 0.9999999}
  m_Children:
  - {fileID: 4000013157419200}
  m_Father: {fileID: 4000012985285840}
  m_RootOrder: 0
  m_LocalEulerAnglesHint: {x: 0, y: 0, z: 0}
--- !u!4 &4000013888201796
Transform:
  m_ObjectHideFlags: 1
  m_PrefabParentObject: {fileID: 0}
  m_PrefabInternal: {fileID: 100100000}
  m_GameObject: {fileID: 1000013037536552}
  m_LocalRotation: {x: 0.07907996, y: -0.044152677, z: 0.029070161, w: 0.99546564}
  m_LocalPosition: {x: 0.054612964, y: 0.5638958, z: -0.2629159}
  m_LocalScale: {x: 1.0000005, y: 0.99999964, z: 0.99999994}
  m_Children:
  - {fileID: 4000011100885748}
  m_Father: {fileID: 4000010833662154}
  m_RootOrder: 0
  m_LocalEulerAnglesHint: {x: 0, y: 0, z: 0}
--- !u!4 &4000014064044304
Transform:
  m_ObjectHideFlags: 1
  m_PrefabParentObject: {fileID: 0}
  m_PrefabInternal: {fileID: 100100000}
  m_GameObject: {fileID: 1000013242005676}
  m_LocalRotation: {x: -0.00051271135, y: -0.040980313, z: 0.0758265, w: 0.99627846}
  m_LocalPosition: {x: 0.042312965, y: 0.85708356, z: 0.6667481}
  m_LocalScale: {x: 0.011900277, y: 0.011900286, z: 0.011900277}
  m_Children: []
  m_Father: {fileID: 4000012156688788}
  m_RootOrder: 2
  m_LocalEulerAnglesHint: {x: 0, y: 0, z: 0}
--- !u!111 &111000011598247012
Animation:
  m_ObjectHideFlags: 1
  m_PrefabParentObject: {fileID: 0}
  m_PrefabInternal: {fileID: 100100000}
  m_GameObject: {fileID: 1000011923754272}
  m_Enabled: 1
  serializedVersion: 3
  m_Animation: {fileID: 7400006, guid: 06b2b82037dd74142a704eeb8dd207ec, type: 3}
  m_Animations:
  - {fileID: 7400000, guid: 06b2b82037dd74142a704eeb8dd207ec, type: 3}
  - {fileID: 7400002, guid: 06b2b82037dd74142a704eeb8dd207ec, type: 3}
  - {fileID: 7400004, guid: 06b2b82037dd74142a704eeb8dd207ec, type: 3}
  - {fileID: 7400006, guid: 06b2b82037dd74142a704eeb8dd207ec, type: 3}
  - {fileID: 7400008, guid: 06b2b82037dd74142a704eeb8dd207ec, type: 3}
  - {fileID: 7400020, guid: 06b2b82037dd74142a704eeb8dd207ec, type: 3}
  m_WrapMode: 0
  m_PlayAutomatically: 1
  m_AnimatePhysics: 0
  m_CullingType: 1
--- !u!137 &137000012050746424
SkinnedMeshRenderer:
  m_ObjectHideFlags: 1
  m_PrefabParentObject: {fileID: 0}
  m_PrefabInternal: {fileID: 100100000}
  m_GameObject: {fileID: 1000010301428878}
  m_Enabled: 1
  m_CastShadows: 1
  m_ReceiveShadows: 1
  m_DynamicOccludee: 1
  m_MotionVectors: 1
  m_LightProbeUsage: 1
  m_ReflectionProbeUsage: 1
  m_Materials:
  - {fileID: 2100000, guid: 92188c4ea8399b64e99478866c72754c, type: 2}
  m_StaticBatchInfo:
    firstSubMesh: 0
    subMeshCount: 0
  m_StaticBatchRoot: {fileID: 0}
  m_ProbeAnchor: {fileID: 0}
  m_LightProbeVolumeOverride: {fileID: 0}
  m_ScaleInLightmap: 1
  m_PreserveUVs: 0
  m_IgnoreNormalsForChartDetection: 0
  m_ImportantGI: 0
  m_StitchLightmapSeams: 0
  m_SelectedEditorRenderState: 3
  m_MinimumChartSize: 4
  m_AutoUVMaxDistance: 0.5
  m_AutoUVMaxAngle: 89
  m_LightmapParameters: {fileID: 0}
  m_SortingLayerID: 0
  m_SortingLayer: 0
  m_SortingOrder: 0
  serializedVersion: 2
  m_Quality: 0
  m_UpdateWhenOffscreen: 1
  m_SkinnedMotionVectors: 1
  m_Mesh: {fileID: 4300004, guid: 06b2b82037dd74142a704eeb8dd207ec, type: 3}
  m_Bones:
  - {fileID: 4000012985285840}
  - {fileID: 4000013523360052}
  - {fileID: 4000013157419200}
  - {fileID: 4000010044595412}
  - {fileID: 4000010833662154}
  - {fileID: 4000013888201796}
  - {fileID: 4000011100885748}
  - {fileID: 4000011567589226}
  - {fileID: 4000011993001198}
  - {fileID: 4000010592955548}
  - {fileID: 4000011395203402}
  - {fileID: 4000010109866958}
  m_BlendShapeWeights: []
  m_RootBone: {fileID: 4000012985285840}
  m_AABB:
    m_Center: {x: -0.49476123, y: 1.960592, z: 0.38075423}
    m_Extent: {x: 6.282754, y: 9.084192, z: 7.644637}
  m_DirtyAABB: 0
--- !u!137 &137000013058821926
SkinnedMeshRenderer:
  m_ObjectHideFlags: 1
  m_PrefabParentObject: {fileID: 0}
  m_PrefabInternal: {fileID: 100100000}
  m_GameObject: {fileID: 1000011542409774}
  m_Enabled: 1
  m_CastShadows: 1
  m_ReceiveShadows: 1
  m_DynamicOccludee: 1
  m_MotionVectors: 1
  m_LightProbeUsage: 1
  m_ReflectionProbeUsage: 1
  m_Materials:
  - {fileID: 2100000, guid: 92188c4ea8399b64e99478866c72754c, type: 2}
  m_StaticBatchInfo:
    firstSubMesh: 0
    subMeshCount: 0
  m_StaticBatchRoot: {fileID: 0}
  m_ProbeAnchor: {fileID: 0}
  m_LightProbeVolumeOverride: {fileID: 0}
  m_ScaleInLightmap: 1
  m_PreserveUVs: 0
  m_IgnoreNormalsForChartDetection: 0
  m_ImportantGI: 0
  m_StitchLightmapSeams: 0
  m_SelectedEditorRenderState: 3
  m_MinimumChartSize: 4
  m_AutoUVMaxDistance: 0.5
  m_AutoUVMaxAngle: 89
  m_LightmapParameters: {fileID: 0}
  m_SortingLayerID: 0
  m_SortingLayer: 0
  m_SortingOrder: 0
  serializedVersion: 2
  m_Quality: 0
  m_UpdateWhenOffscreen: 1
  m_SkinnedMotionVectors: 1
  m_Mesh: {fileID: 4300002, guid: 06b2b82037dd74142a704eeb8dd207ec, type: 3}
  m_Bones:
  - {fileID: 4000012985285840}
  - {fileID: 4000013523360052}
  - {fileID: 4000013157419200}
  - {fileID: 4000010044595412}
  - {fileID: 4000010833662154}
  - {fileID: 4000013888201796}
  - {fileID: 4000011100885748}
  - {fileID: 4000011567589226}
  - {fileID: 4000011993001198}
  - {fileID: 4000010592955548}
  - {fileID: 4000011395203402}
  - {fileID: 4000010109866958}
  m_BlendShapeWeights: []
  m_RootBone: {fileID: 4000012985285840}
  m_AABB:
    m_Center: {x: -0.49989033, y: 1.9702404, z: 0.3807547}
    m_Extent: {x: 6.276283, y: 9.074487, z: 7.644639}
  m_DirtyAABB: 0
--- !u!137 &137000013430678354
SkinnedMeshRenderer:
  m_ObjectHideFlags: 1
  m_PrefabParentObject: {fileID: 0}
  m_PrefabInternal: {fileID: 100100000}
  m_GameObject: {fileID: 1000013242005676}
  m_Enabled: 1
  m_CastShadows: 1
  m_ReceiveShadows: 1
  m_DynamicOccludee: 1
  m_MotionVectors: 1
  m_LightProbeUsage: 1
  m_ReflectionProbeUsage: 1
  m_Materials:
  - {fileID: 2100000, guid: 92188c4ea8399b64e99478866c72754c, type: 2}
  m_StaticBatchInfo:
    firstSubMesh: 0
    subMeshCount: 0
  m_StaticBatchRoot: {fileID: 0}
  m_ProbeAnchor: {fileID: 0}
  m_LightProbeVolumeOverride: {fileID: 0}
  m_ScaleInLightmap: 1
  m_PreserveUVs: 0
  m_IgnoreNormalsForChartDetection: 0
  m_ImportantGI: 0
  m_StitchLightmapSeams: 0
  m_SelectedEditorRenderState: 3
  m_MinimumChartSize: 4
  m_AutoUVMaxDistance: 0.5
  m_AutoUVMaxAngle: 89
  m_LightmapParameters: {fileID: 0}
  m_SortingLayerID: 0
  m_SortingLayer: 0
  m_SortingOrder: 0
  serializedVersion: 2
  m_Quality: 0
  m_UpdateWhenOffscreen: 1
  m_SkinnedMotionVectors: 1
  m_Mesh: {fileID: 4300000, guid: 06b2b82037dd74142a704eeb8dd207ec, type: 3}
  m_Bones:
  - {fileID: 4000012985285840}
  - {fileID: 4000013523360052}
  - {fileID: 4000013157419200}
  - {fileID: 4000010044595412}
  - {fileID: 4000010833662154}
  - {fileID: 4000013888201796}
  - {fileID: 4000011100885748}
  - {fileID: 4000011567589226}
  - {fileID: 4000011993001198}
  - {fileID: 4000010592955548}
  - {fileID: 4000011395203402}
  - {fileID: 4000010109866958}
  m_BlendShapeWeights: []
  m_RootBone: {fileID: 4000012985285840}
  m_AABB:
    m_Center: {x: -0.49989033, y: 1.9701512, z: 0.3807547}
    m_Extent: {x: 6.276283, y: 9.074353, z: 7.644639}
  m_DirtyAABB: 0
--- !u!205 &205000012648419928
LODGroup:
  m_ObjectHideFlags: 1
  m_PrefabParentObject: {fileID: 0}
  m_PrefabInternal: {fileID: 100100000}
  m_GameObject: {fileID: 1000011923754272}
  serializedVersion: 2
  m_LocalReferencePoint: {x: 1.1037006, y: 3.0230832, z: -0.20034981}
  m_Size: 20.674042
  m_FadeMode: 0
  m_AnimateCrossFading: 0
  m_LODs:
  - screenRelativeHeight: 0.6
    fadeTransitionWidth: 0
    renderers:
    - renderer: {fileID: 137000012050746424}
  - screenRelativeHeight: 0.3
    fadeTransitionWidth: 0
    renderers:
    - renderer: {fileID: 137000013058821926}
  - screenRelativeHeight: 0.042101115
    fadeTransitionWidth: 0
    renderers:
    - renderer: {fileID: 137000013430678354}
  m_Enabled: 1
