%YAML 1.1
%TAG !u! tag:unity3d.com,2011:
--- !u!1001 &100100000
Prefab:
  m_ObjectHideFlags: 1
  serializedVersion: 2
  m_Modification:
    m_TransformParent: {fileID: 0}
    m_Modifications: []
    m_RemovedComponents: []
  m_ParentPrefab: {fileID: 0}
  m_RootGameObject: {fileID: 1000012734141440}
  m_IsPrefabParent: 1
--- !u!1 &1000010205356310
GameObject:
  m_ObjectHideFlags: 0
  m_PrefabParentObject: {fileID: 0}
  m_PrefabInternal: {fileID: 100100000}
  serializedVersion: 5
  m_Component:
  - component: {fileID: 4000010945284524}
  - component: {fileID: 137000011771293614}
  m_Layer: 0
  m_Name: Boar
  m_TagString: Untagged
  m_Icon: {fileID: 0}
  m_NavMeshLayer: 0
  m_StaticEditorFlags: 0
  m_IsActive: 1
--- !u!1 &1000010317268898
GameObject:
  m_ObjectHideFlags: 1
  m_PrefabParentObject: {fileID: 0}
  m_PrefabInternal: {fileID: 100100000}
  serializedVersion: 5
  m_Component:
  - component: {fileID: 4000013095063588}
  m_Layer: 0
  m_Name: LeftLeght2
  m_TagString: Untagged
  m_Icon: {fileID: 0}
  m_NavMeshLayer: 0
  m_StaticEditorFlags: 0
  m_IsActive: 1
--- !u!1 &1000010412741364
GameObject:
  m_ObjectHideFlags: 1
  m_PrefabParentObject: {fileID: 0}
  m_PrefabInternal: {fileID: 100100000}
  serializedVersion: 5
  m_Component:
  - component: {fileID: 4000010858038656}
  m_Layer: 0
  m_Name: mouth_end_end
  m_TagString: Untagged
  m_Icon: {fileID: 0}
  m_NavMeshLayer: 0
  m_StaticEditorFlags: 0
  m_IsActive: 1
--- !u!1 &1000010604669434
GameObject:
  m_ObjectHideFlags: 1
  m_PrefabParentObject: {fileID: 0}
  m_PrefabInternal: {fileID: 100100000}
  serializedVersion: 5
  m_Component:
  - component: {fileID: 4000012071893346}
  m_Layer: 0
  m_Name: RightLeght2
  m_TagString: Untagged
  m_Icon: {fileID: 0}
  m_NavMeshLayer: 0
  m_StaticEditorFlags: 0
  m_IsActive: 1
--- !u!1 &1000010756343134
GameObject:
  m_ObjectHideFlags: 1
  m_PrefabParentObject: {fileID: 0}
  m_PrefabInternal: {fileID: 100100000}
  serializedVersion: 5
  m_Component:
  - component: {fileID: 4000011825386130}
  m_Layer: 0
  m_Name: earLeft_end_end
  m_TagString: Untagged
  m_Icon: {fileID: 0}
  m_NavMeshLayer: 0
  m_StaticEditorFlags: 0
  m_IsActive: 1
--- !u!1 &1000010789872998
GameObject:
  m_ObjectHideFlags: 1
  m_PrefabParentObject: {fileID: 0}
  m_PrefabInternal: {fileID: 100100000}
  serializedVersion: 5
  m_Component:
  - component: {fileID: 4000010780237960}
  m_Layer: 0
  m_Name: posteriorLeftLeght2
  m_TagString: Untagged
  m_Icon: {fileID: 0}
  m_NavMeshLayer: 0
  m_StaticEditorFlags: 0
  m_IsActive: 1
--- !u!1 &1000010904804804
GameObject:
  m_ObjectHideFlags: 1
  m_PrefabParentObject: {fileID: 0}
  m_PrefabInternal: {fileID: 100100000}
  serializedVersion: 5
  m_Component:
  - component: {fileID: 4000010753699174}
  m_Layer: 0
  m_Name: posteriorRightLeght2
  m_TagString: Untagged
  m_Icon: {fileID: 0}
  m_NavMeshLayer: 0
  m_StaticEditorFlags: 0
  m_IsActive: 1
--- !u!1 &1000010948018594
GameObject:
  m_ObjectHideFlags: 1
  m_PrefabParentObject: {fileID: 0}
  m_PrefabInternal: {fileID: 100100000}
  serializedVersion: 5
  m_Component:
  - component: {fileID: 4000011683625198}
  m_Layer: 0
  m_Name: posteriorRightLeght2_end_end
  m_TagString: Untagged
  m_Icon: {fileID: 0}
  m_NavMeshLayer: 0
  m_StaticEditorFlags: 0
  m_IsActive: 1
--- !u!1 &1000011038959004
GameObject:
  m_ObjectHideFlags: 0
  m_PrefabParentObject: {fileID: 0}
  m_PrefabInternal: {fileID: 100100000}
  serializedVersion: 5
  m_Component:
  - component: {fileID: 4000010072191676}
  m_Layer: 0
  m_Name: BoarSkeleton
  m_TagString: Untagged
  m_Icon: {fileID: 0}
  m_NavMeshLayer: 0
  m_StaticEditorFlags: 0
  m_IsActive: 1
--- !u!1 &1000011053211572
GameObject:
  m_ObjectHideFlags: 1
  m_PrefabParentObject: {fileID: 0}
  m_PrefabInternal: {fileID: 100100000}
  serializedVersion: 5
  m_Component:
  - component: {fileID: 4000013057973156}
  m_Layer: 0
  m_Name: posteriorLeftLeght2_end_end
  m_TagString: Untagged
  m_Icon: {fileID: 0}
  m_NavMeshLayer: 0
  m_StaticEditorFlags: 0
  m_IsActive: 1
--- !u!1 &1000011155725458
GameObject:
  m_ObjectHideFlags: 1
  m_PrefabParentObject: {fileID: 0}
  m_PrefabInternal: {fileID: 100100000}
  serializedVersion: 5
  m_Component:
  - component: {fileID: 4000014225260462}
  m_Layer: 0
  m_Name: pelvis
  m_TagString: Untagged
  m_Icon: {fileID: 0}
  m_NavMeshLayer: 0
  m_StaticEditorFlags: 0
  m_IsActive: 1
--- !u!1 &1000011390825606
GameObject:
  m_ObjectHideFlags: 1
  m_PrefabParentObject: {fileID: 0}
  m_PrefabInternal: {fileID: 100100000}
  serializedVersion: 5
  m_Component:
  - component: {fileID: 4000010682565264}
  m_Layer: 0
  m_Name: tail2_end_end
  m_TagString: Untagged
  m_Icon: {fileID: 0}
  m_NavMeshLayer: 0
  m_StaticEditorFlags: 0
  m_IsActive: 1
--- !u!1 &1000011410305886
GameObject:
  m_ObjectHideFlags: 1
  m_PrefabParentObject: {fileID: 0}
  m_PrefabInternal: {fileID: 100100000}
  serializedVersion: 5
  m_Component:
  - component: {fileID: 4000013774134610}
  m_Layer: 0
  m_Name: earRight_end_end
  m_TagString: Untagged
  m_Icon: {fileID: 0}
  m_NavMeshLayer: 0
  m_StaticEditorFlags: 0
  m_IsActive: 1
--- !u!1 &1000011524447104
GameObject:
  m_ObjectHideFlags: 1
  m_PrefabParentObject: {fileID: 0}
  m_PrefabInternal: {fileID: 100100000}
  serializedVersion: 5
  m_Component:
  - component: {fileID: 4000013393140876}
  m_Layer: 0
  m_Name: mouth_end
  m_TagString: Untagged
  m_Icon: {fileID: 0}
  m_NavMeshLayer: 0
  m_StaticEditorFlags: 0
  m_IsActive: 1
--- !u!1 &1000011538581932
GameObject:
  m_ObjectHideFlags: 1
  m_PrefabParentObject: {fileID: 0}
  m_PrefabInternal: {fileID: 100100000}
  serializedVersion: 5
  m_Component:
  - component: {fileID: 4000014241392320}
  m_Layer: 0
  m_Name: posteriorRightLeght2_end
  m_TagString: Untagged
  m_Icon: {fileID: 0}
  m_NavMeshLayer: 0
  m_StaticEditorFlags: 0
  m_IsActive: 1
--- !u!1 &1000011559541058
GameObject:
  m_ObjectHideFlags: 1
  m_PrefabParentObject: {fileID: 0}
  m_PrefabInternal: {fileID: 100100000}
  serializedVersion: 5
  m_Component:
  - component: {fileID: 4000011213176026}
  m_Layer: 0
  m_Name: earLeft_end
  m_TagString: Untagged
  m_Icon: {fileID: 0}
  m_NavMeshLayer: 0
  m_StaticEditorFlags: 0
  m_IsActive: 1
--- !u!1 &1000011612229052
GameObject:
  m_ObjectHideFlags: 1
  m_PrefabParentObject: {fileID: 0}
  m_PrefabInternal: {fileID: 100100000}
  serializedVersion: 5
  m_Component:
  - component: {fileID: 4000011913596236}
  m_Layer: 0
  m_Name: earRight
  m_TagString: Untagged
  m_Icon: {fileID: 0}
  m_NavMeshLayer: 0
  m_StaticEditorFlags: 0
  m_IsActive: 1
--- !u!1 &1000011619246958
GameObject:
  m_ObjectHideFlags: 1
  m_PrefabParentObject: {fileID: 0}
  m_PrefabInternal: {fileID: 100100000}
  serializedVersion: 5
  m_Component:
  - component: {fileID: 4000012419286548}
  m_Layer: 0
  m_Name: LeftLeght2_end_end
  m_TagString: Untagged
  m_Icon: {fileID: 0}
  m_NavMeshLayer: 0
  m_StaticEditorFlags: 0
  m_IsActive: 1
--- !u!1 &1000011636996664
GameObject:
  m_ObjectHideFlags: 1
  m_PrefabParentObject: {fileID: 0}
  m_PrefabInternal: {fileID: 100100000}
  serializedVersion: 5
  m_Component:
  - component: {fileID: 4000010488161038}
  m_Layer: 0
  m_Name: mouth
  m_TagString: Untagged
  m_Icon: {fileID: 0}
  m_NavMeshLayer: 0
  m_StaticEditorFlags: 0
  m_IsActive: 1
--- !u!1 &1000011931894132
GameObject:
  m_ObjectHideFlags: 1
  m_PrefabParentObject: {fileID: 0}
  m_PrefabInternal: {fileID: 100100000}
  serializedVersion: 5
  m_Component:
  - component: {fileID: 4000013101426424}
  m_Layer: 0
  m_Name: posteriorLeftLeght1
  m_TagString: Untagged
  m_Icon: {fileID: 0}
  m_NavMeshLayer: 0
  m_StaticEditorFlags: 0
  m_IsActive: 1
--- !u!1 &1000011982683078
GameObject:
  m_ObjectHideFlags: 1
  m_PrefabParentObject: {fileID: 0}
  m_PrefabInternal: {fileID: 100100000}
  serializedVersion: 5
  m_Component:
  - component: {fileID: 4000010623827446}
  m_Layer: 0
  m_Name: earRight_end
  m_TagString: Untagged
  m_Icon: {fileID: 0}
  m_NavMeshLayer: 0
  m_StaticEditorFlags: 0
  m_IsActive: 1
--- !u!1 &1000012037529198
GameObject:
  m_ObjectHideFlags: 0
  m_PrefabParentObject: {fileID: 0}
  m_PrefabInternal: {fileID: 100100000}
  serializedVersion: 5
  m_Component:
  - component: {fileID: 4000011189696672}
  - component: {fileID: 137000012139118294}
  m_Layer: 0
  m_Name: BoarLOD3
  m_TagString: Untagged
  m_Icon: {fileID: 0}
  m_NavMeshLayer: 0
  m_StaticEditorFlags: 0
  m_IsActive: 1
--- !u!1 &1000012084305888
GameObject:
  m_ObjectHideFlags: 1
  m_PrefabParentObject: {fileID: 0}
  m_PrefabInternal: {fileID: 100100000}
  serializedVersion: 5
  m_Component:
  - component: {fileID: 4000010468766974}
  m_Layer: 0
  m_Name: tail2
  m_TagString: Untagged
  m_Icon: {fileID: 0}
  m_NavMeshLayer: 0
  m_StaticEditorFlags: 0
  m_IsActive: 1
--- !u!1 &1000012177266166
GameObject:
  m_ObjectHideFlags: 1
  m_PrefabParentObject: {fileID: 0}
  m_PrefabInternal: {fileID: 100100000}
  serializedVersion: 5
  m_Component:
  - component: {fileID: 4000013219886686}
  m_Layer: 0
  m_Name: posteriorLeftLeght2_end
  m_TagString: Untagged
  m_Icon: {fileID: 0}
  m_NavMeshLayer: 0
  m_StaticEditorFlags: 0
  m_IsActive: 1
--- !u!1 &1000012306626910
GameObject:
  m_ObjectHideFlags: 1
  m_PrefabParentObject: {fileID: 0}
  m_PrefabInternal: {fileID: 100100000}
  serializedVersion: 5
  m_Component:
  - component: {fileID: 4000011505850106}
  m_Layer: 0
  m_Name: tail1
  m_TagString: Untagged
  m_Icon: {fileID: 0}
  m_NavMeshLayer: 0
  m_StaticEditorFlags: 0
  m_IsActive: 1
--- !u!1 &1000012431498374
GameObject:
  m_ObjectHideFlags: 1
  m_PrefabParentObject: {fileID: 0}
  m_PrefabInternal: {fileID: 100100000}
  serializedVersion: 5
  m_Component:
  - component: {fileID: 4000011367975266}
  m_Layer: 0
  m_Name: RightLeght2_end
  m_TagString: Untagged
  m_Icon: {fileID: 0}
  m_NavMeshLayer: 0
  m_StaticEditorFlags: 0
  m_IsActive: 1
--- !u!1 &1000012450345340
GameObject:
  m_ObjectHideFlags: 1
  m_PrefabParentObject: {fileID: 0}
  m_PrefabInternal: {fileID: 100100000}
  serializedVersion: 5
  m_Component:
  - component: {fileID: 4000012487566856}
  m_Layer: 0
  m_Name: head
  m_TagString: Untagged
  m_Icon: {fileID: 0}
  m_NavMeshLayer: 0
  m_StaticEditorFlags: 0
  m_IsActive: 1
--- !u!1 &1000012655316806
GameObject:
  m_ObjectHideFlags: 1
  m_PrefabParentObject: {fileID: 0}
  m_PrefabInternal: {fileID: 100100000}
  serializedVersion: 5
  m_Component:
  - component: {fileID: 4000011758215604}
  m_Layer: 0
  m_Name: Body
  m_TagString: Untagged
  m_Icon: {fileID: 0}
  m_NavMeshLayer: 0
  m_StaticEditorFlags: 0
  m_IsActive: 1
--- !u!1 &1000012734141440
GameObject:
  m_ObjectHideFlags: 0
  m_PrefabParentObject: {fileID: 0}
  m_PrefabInternal: {fileID: 100100000}
  serializedVersion: 5
  m_Component:
  - component: {fileID: 4000010017728176}
  - component: {fileID: 111000011044432296}
  - component: {fileID: 205000012986571326}
  m_Layer: 0
  m_Name: BoarColor1S
  m_TagString: Untagged
  m_Icon: {fileID: 0}
  m_NavMeshLayer: 0
  m_StaticEditorFlags: 0
  m_IsActive: 1
--- !u!1 &1000012767289710
GameObject:
  m_ObjectHideFlags: 0
  m_PrefabParentObject: {fileID: 0}
  m_PrefabInternal: {fileID: 100100000}
  serializedVersion: 5
  m_Component:
  - component: {fileID: 4000010717722484}
  - component: {fileID: 137000012475812358}
  m_Layer: 0
  m_Name: BoarLOD2
  m_TagString: Untagged
  m_Icon: {fileID: 0}
  m_NavMeshLayer: 0
  m_StaticEditorFlags: 0
  m_IsActive: 1
--- !u!1 &1000013445780436
GameObject:
  m_ObjectHideFlags: 1
  m_PrefabParentObject: {fileID: 0}
  m_PrefabInternal: {fileID: 100100000}
  serializedVersion: 5
  m_Component:
  - component: {fileID: 4000011790192452}
  m_Layer: 0
  m_Name: posteriorRightLeght1
  m_TagString: Untagged
  m_Icon: {fileID: 0}
  m_NavMeshLayer: 0
  m_StaticEditorFlags: 0
  m_IsActive: 1
--- !u!1 &1000013464961914
GameObject:
  m_ObjectHideFlags: 1
  m_PrefabParentObject: {fileID: 0}
  m_PrefabInternal: {fileID: 100100000}
  serializedVersion: 5
  m_Component:
  - component: {fileID: 4000010187329444}
  m_Layer: 0
  m_Name: earLeft
  m_TagString: Untagged
  m_Icon: {fileID: 0}
  m_NavMeshLayer: 0
  m_StaticEditorFlags: 0
  m_IsActive: 1
--- !u!1 &1000013475278336
GameObject:
  m_ObjectHideFlags: 1
  m_PrefabParentObject: {fileID: 0}
  m_PrefabInternal: {fileID: 100100000}
  serializedVersion: 5
  m_Component:
  - component: {fileID: 4000013310939136}
  m_Layer: 0
  m_Name: RightLeght2_end_end
  m_TagString: Untagged
  m_Icon: {fileID: 0}
  m_NavMeshLayer: 0
  m_StaticEditorFlags: 0
  m_IsActive: 1
--- !u!1 &1000013522938648
GameObject:
  m_ObjectHideFlags: 1
  m_PrefabParentObject: {fileID: 0}
  m_PrefabInternal: {fileID: 100100000}
  serializedVersion: 5
  m_Component:
  - component: {fileID: 4000013304051200}
  m_Layer: 0
  m_Name: LeftLeght1
  m_TagString: Untagged
  m_Icon: {fileID: 0}
  m_NavMeshLayer: 0
  m_StaticEditorFlags: 0
  m_IsActive: 1
--- !u!1 &1000013664729644
GameObject:
  m_ObjectHideFlags: 0
  m_PrefabParentObject: {fileID: 0}
  m_PrefabInternal: {fileID: 100100000}
  serializedVersion: 5
  m_Component:
  - component: {fileID: 4000014130922968}
  - component: {fileID: 137000010762384810}
  m_Layer: 0
  m_Name: BoarLOD1
  m_TagString: Untagged
  m_Icon: {fileID: 0}
  m_NavMeshLayer: 0
  m_StaticEditorFlags: 0
  m_IsActive: 1
--- !u!1 &1000013673582490
GameObject:
  m_ObjectHideFlags: 1
  m_PrefabParentObject: {fileID: 0}
  m_PrefabInternal: {fileID: 100100000}
  serializedVersion: 5
  m_Component:
  - component: {fileID: 4000013921978714}
  m_Layer: 0
  m_Name: tail2_end
  m_TagString: Untagged
  m_Icon: {fileID: 0}
  m_NavMeshLayer: 0
  m_StaticEditorFlags: 0
  m_IsActive: 1
--- !u!1 &1000013878693736
GameObject:
  m_ObjectHideFlags: 1
  m_PrefabParentObject: {fileID: 0}
  m_PrefabInternal: {fileID: 100100000}
  serializedVersion: 5
  m_Component:
  - component: {fileID: 4000012351578206}
  m_Layer: 0
  m_Name: RightLeght1
  m_TagString: Untagged
  m_Icon: {fileID: 0}
  m_NavMeshLayer: 0
  m_StaticEditorFlags: 0
  m_IsActive: 1
--- !u!1 &1000014271205296
GameObject:
  m_ObjectHideFlags: 1
  m_PrefabParentObject: {fileID: 0}
  m_PrefabInternal: {fileID: 100100000}
  serializedVersion: 5
  m_Component:
  - component: {fileID: 4000011308860350}
  m_Layer: 0
  m_Name: LeftLeght2_end
  m_TagString: Untagged
  m_Icon: {fileID: 0}
  m_NavMeshLayer: 0
  m_StaticEditorFlags: 0
  m_IsActive: 1
--- !u!4 &4000010017728176
Transform:
  m_ObjectHideFlags: 1
  m_PrefabParentObject: {fileID: 0}
  m_PrefabInternal: {fileID: 100100000}
  m_GameObject: {fileID: 1000012734141440}
  m_LocalRotation: {x: 0, y: 0, z: 0, w: 1}
  m_LocalPosition: {x: 0, y: 0, z: 0}
  m_LocalScale: {x: 1, y: 1, z: 1}
  m_Children:
  - {fileID: 4000010945284524}
  - {fileID: 4000014130922968}
  - {fileID: 4000010717722484}
  - {fileID: 4000011189696672}
  - {fileID: 4000010072191676}
  m_Father: {fileID: 0}
  m_RootOrder: 0
  m_LocalEulerAnglesHint: {x: 0, y: 0, z: 0}
--- !u!4 &4000010072191676
Transform:
  m_ObjectHideFlags: 1
  m_PrefabParentObject: {fileID: 0}
  m_PrefabInternal: {fileID: 100100000}
  m_GameObject: {fileID: 1000011038959004}
  m_LocalRotation: {x: -0.006170602, y: 0.70708007, z: 0.7070797, w: 0.006170628}
  m_LocalPosition: {x: 1.9645863, y: 4.6388116, z: -0.84972054}
  m_LocalScale: {x: 1, y: 1, z: 1}
  m_Children:
  - {fileID: 4000014225260462}
  m_Father: {fileID: 4000010017728176}
  m_RootOrder: 4
  m_LocalEulerAnglesHint: {x: 0, y: 0, z: 0}
--- !u!4 &4000010187329444
Transform:
  m_ObjectHideFlags: 1
  m_PrefabParentObject: {fileID: 0}
  m_PrefabInternal: {fileID: 100100000}
  m_GameObject: {fileID: 1000013464961914}
  m_LocalRotation: {x: 0.3007044, y: -0.41464463, z: -0.55050004, w: 0.6592393}
  m_LocalPosition: {x: 1.0286913, y: 0.081872515, z: 0.94682676}
  m_LocalScale: {x: 0.9999997, y: 1.0000001, z: 0.9999997}
  m_Children:
  - {fileID: 4000011213176026}
  m_Father: {fileID: 4000012487566856}
  m_RootOrder: 0
  m_LocalEulerAnglesHint: {x: 0, y: 0, z: 0}
--- !u!4 &4000010468766974
Transform:
  m_ObjectHideFlags: 1
  m_PrefabParentObject: {fileID: 0}
  m_PrefabInternal: {fileID: 100100000}
  m_GameObject: {fileID: 1000012084305888}
  m_LocalRotation: {x: 0.12620854, y: 0.00000028016868, z: -0.00000006389228, w: 0.99200374}
  m_LocalPosition: {x: -0.00000007556994, y: 1.1832141, z: 0.000000206545}
  m_LocalScale: {x: 1, y: 0.99999994, z: 0.99999994}
  m_Children:
  - {fileID: 4000013921978714}
  m_Father: {fileID: 4000011505850106}
  m_RootOrder: 0
  m_LocalEulerAnglesHint: {x: 0, y: 0, z: 0}
--- !u!4 &4000010488161038
Transform:
  m_ObjectHideFlags: 1
  m_PrefabParentObject: {fileID: 0}
  m_PrefabInternal: {fileID: 100100000}
  m_GameObject: {fileID: 1000011636996664}
  m_LocalRotation: {x: 0.05478821, y: -3.7448482e-14, z: -0.000000013062536, w: 0.998498}
  m_LocalPosition: {x: -0.00000037859635, y: 1.251718, z: -0.79137874}
  m_LocalScale: {x: 1, y: 0.9999998, z: 0.9999998}
  m_Children:
  - {fileID: 4000013393140876}
  m_Father: {fileID: 4000012487566856}
  m_RootOrder: 2
  m_LocalEulerAnglesHint: {x: 0, y: 0, z: 0}
--- !u!4 &4000010623827446
Transform:
  m_ObjectHideFlags: 1
  m_PrefabParentObject: {fileID: 0}
  m_PrefabInternal: {fileID: 100100000}
  m_GameObject: {fileID: 1000011982683078}
  m_LocalRotation: {x: 0.0000000037252899, y: -0.000000015832486, z: -0.000000015832486,
    w: 1}
  m_LocalPosition: {x: 0.00000023841858, y: 1.3247484, z: 0.00000010430813}
  m_LocalScale: {x: 0.99999994, y: 1, z: 0.9999999}
  m_Children:
  - {fileID: 4000013774134610}
  m_Father: {fileID: 4000011913596236}
  m_RootOrder: 0
  m_LocalEulerAnglesHint: {x: 0, y: 0, z: 0}
--- !u!4 &4000010682565264
Transform:
  m_ObjectHideFlags: 1
  m_PrefabParentObject: {fileID: 0}
  m_PrefabInternal: {fileID: 100100000}
  m_GameObject: {fileID: 1000011390825606}
  m_LocalRotation: {x: 0, y: -0, z: -0, w: 1}
  m_LocalPosition: {x: -0, y: 1.5267065, z: 0}
  m_LocalScale: {x: 1, y: 1, z: 1}
  m_Children: []
  m_Father: {fileID: 4000013921978714}
  m_RootOrder: 0
  m_LocalEulerAnglesHint: {x: 0, y: 0, z: 0}
--- !u!4 &4000010717722484
Transform:
  m_ObjectHideFlags: 1
  m_PrefabParentObject: {fileID: 0}
  m_PrefabInternal: {fileID: 100100000}
  m_GameObject: {fileID: 1000012767289710}
  m_LocalRotation: {x: -7.417823e-10, y: 0.9999619, z: -0.0000000038119485, w: 0.008726628}
  m_LocalPosition: {x: -0.07781882, y: 3.5573382, z: 1.2460991}
  m_LocalScale: {x: 3.4880672, y: 3.4880664, z: 3.488067}
  m_Children: []
  m_Father: {fileID: 4000010017728176}
  m_RootOrder: 2
  m_LocalEulerAnglesHint: {x: 0, y: 0, z: 0}
--- !u!4 &4000010753699174
Transform:
  m_ObjectHideFlags: 1
  m_PrefabParentObject: {fileID: 0}
  m_PrefabInternal: {fileID: 100100000}
  m_GameObject: {fileID: 1000010904804804}
  m_LocalRotation: {x: 0.18863428, y: -0.0068477513, z: -0.030590259, w: 0.981547}
  m_LocalPosition: {x: -0.000000011175871, y: 3.029281, z: -0.00000004307367}
  m_LocalScale: {x: 1, y: 0.9999999, z: 1}
  m_Children:
  - {fileID: 4000014241392320}
  m_Father: {fileID: 4000011790192452}
  m_RootOrder: 0
  m_LocalEulerAnglesHint: {x: 0, y: 0, z: 0}
--- !u!4 &4000010780237960
Transform:
  m_ObjectHideFlags: 1
  m_PrefabParentObject: {fileID: 0}
  m_PrefabInternal: {fileID: 100100000}
  m_GameObject: {fileID: 1000010789872998}
  m_LocalRotation: {x: 0.18869995, y: -0.002141281, z: -0.0060944296, w: 0.9820135}
  m_LocalPosition: {x: 0.00000003259629, y: 3.0235806, z: 0.00000016437843}
  m_LocalScale: {x: 0.9999999, y: 0.99999964, z: 0.99999994}
  m_Children:
  - {fileID: 4000013219886686}
  m_Father: {fileID: 4000013101426424}
  m_RootOrder: 0
  m_LocalEulerAnglesHint: {x: 0, y: 0, z: 0}
--- !u!4 &4000010858038656
Transform:
  m_ObjectHideFlags: 1
  m_PrefabParentObject: {fileID: 0}
  m_PrefabInternal: {fileID: 100100000}
  m_GameObject: {fileID: 1000010412741364}
  m_LocalRotation: {x: 0, y: -0, z: -0, w: 1}
  m_LocalPosition: {x: -0, y: 1.0897484, z: 0}
  m_LocalScale: {x: 1, y: 1, z: 1}
  m_Children: []
  m_Father: {fileID: 4000013393140876}
  m_RootOrder: 0
  m_LocalEulerAnglesHint: {x: 0, y: 0, z: 0}
--- !u!4 &4000010945284524
Transform:
  m_ObjectHideFlags: 1
  m_PrefabParentObject: {fileID: 0}
  m_PrefabInternal: {fileID: 100100000}
  m_GameObject: {fileID: 1000010205356310}
  m_LocalRotation: {x: -7.417823e-10, y: 0.9999619, z: -0.0000000038119485, w: 0.008726628}
  m_LocalPosition: {x: -0.07781882, y: 3.5573382, z: 1.2460991}
  m_LocalScale: {x: 3.4880672, y: 3.4880664, z: 3.488067}
  m_Children: []
  m_Father: {fileID: 4000010017728176}
  m_RootOrder: 0
  m_LocalEulerAnglesHint: {x: 0, y: 0, z: 0}
--- !u!4 &4000011189696672
Transform:
  m_ObjectHideFlags: 1
  m_PrefabParentObject: {fileID: 0}
  m_PrefabInternal: {fileID: 100100000}
  m_GameObject: {fileID: 1000012037529198}
  m_LocalRotation: {x: -7.417823e-10, y: 0.9999619, z: -0.0000000038119485, w: 0.008726628}
  m_LocalPosition: {x: -0.07781882, y: 3.5573382, z: 1.2460991}
  m_LocalScale: {x: 3.4880672, y: 3.4880664, z: 3.488067}
  m_Children: []
  m_Father: {fileID: 4000010017728176}
  m_RootOrder: 3
  m_LocalEulerAnglesHint: {x: 0, y: 0, z: 0}
--- !u!4 &4000011213176026
Transform:
  m_ObjectHideFlags: 1
  m_PrefabParentObject: {fileID: 0}
  m_PrefabInternal: {fileID: 100100000}
  m_GameObject: {fileID: 1000011559541058}
  m_LocalRotation: {x: -0.00000008381903, y: -0.0000000074505815, z: -0.00000011129305,
    w: 1}
  m_LocalPosition: {x: -0.00000025331974, y: 1.3247478, z: -0.00000011920929}
  m_LocalScale: {x: 1, y: 1, z: 1}
  m_Children:
  - {fileID: 4000011825386130}
  m_Father: {fileID: 4000010187329444}
  m_RootOrder: 0
  m_LocalEulerAnglesHint: {x: 0, y: 0, z: 0}
--- !u!4 &4000011308860350
Transform:
  m_ObjectHideFlags: 1
  m_PrefabParentObject: {fileID: 0}
  m_PrefabInternal: {fileID: 100100000}
  m_GameObject: {fileID: 1000014271205296}
  m_LocalRotation: {x: 4.5474735e-13, y: -7.5669965e-10, z: 7.130439e-10, w: 1}
  m_LocalPosition: {x: 0.00000034971163, y: 1.379917, z: -0.0000003017485}
  m_LocalScale: {x: 1, y: 0.99999994, z: 0.99999994}
  m_Children:
  - {fileID: 4000012419286548}
  m_Father: {fileID: 4000013095063588}
  m_RootOrder: 0
  m_LocalEulerAnglesHint: {x: 0, y: 0, z: 0}
--- !u!4 &4000011367975266
Transform:
  m_ObjectHideFlags: 1
  m_PrefabParentObject: {fileID: 0}
  m_PrefabInternal: {fileID: 100100000}
  m_GameObject: {fileID: 1000012431498374}
  m_LocalRotation: {x: 0.000000051977167, y: -0.000000045169145, z: 0.00000005128095,
    w: 1}
  m_LocalPosition: {x: -0.000000028405339, y: 1.3799171, z: -0.000000037573045}
  m_LocalScale: {x: 1, y: 1, z: 1}
  m_Children:
  - {fileID: 4000013310939136}
  m_Father: {fileID: 4000012071893346}
  m_RootOrder: 0
  m_LocalEulerAnglesHint: {x: 0, y: 0, z: 0}
--- !u!4 &4000011505850106
Transform:
  m_ObjectHideFlags: 1
  m_PrefabParentObject: {fileID: 0}
  m_PrefabInternal: {fileID: 100100000}
  m_GameObject: {fileID: 1000012306626910}
  m_LocalRotation: {x: -0.786371, y: -0.0000001472843, z: 0.0000001874855, w: 0.61775464}
  m_LocalPosition: {x: -0.00000023841858, y: -0.75887936, z: 0.9081835}
  m_LocalScale: {x: 1, y: 1, z: 0.9999999}
  m_Children:
  - {fileID: 4000010468766974}
  m_Father: {fileID: 4000014225260462}
  m_RootOrder: 3
  m_LocalEulerAnglesHint: {x: 0, y: 0, z: 0}
--- !u!4 &4000011683625198
Transform:
  m_ObjectHideFlags: 1
  m_PrefabParentObject: {fileID: 0}
  m_PrefabInternal: {fileID: 100100000}
  m_GameObject: {fileID: 1000010948018594}
  m_LocalRotation: {x: 0, y: -0, z: -0, w: 1}
  m_LocalPosition: {x: -0, y: 1.8984672, z: 0}
  m_LocalScale: {x: 1, y: 1, z: 1}
  m_Children: []
  m_Father: {fileID: 4000014241392320}
  m_RootOrder: 0
  m_LocalEulerAnglesHint: {x: 0, y: 0, z: 0}
--- !u!4 &4000011758215604
Transform:
  m_ObjectHideFlags: 1
  m_PrefabParentObject: {fileID: 0}
  m_PrefabInternal: {fileID: 100100000}
  m_GameObject: {fileID: 1000012655316806}
  m_LocalRotation: {x: -0.07757529, y: 0, z: -0, w: 0.9969865}
  m_LocalPosition: {x: -0.00000023841858, y: 4.841994, z: 0.000000009313226}
  m_LocalScale: {x: 1, y: 1, z: 1}
  m_Children:
  - {fileID: 4000012487566856}
  - {fileID: 4000013304051200}
  - {fileID: 4000012351578206}
  m_Father: {fileID: 4000014225260462}
  m_RootOrder: 0
  m_LocalEulerAnglesHint: {x: 0, y: 0, z: 0}
--- !u!4 &4000011790192452
Transform:
  m_ObjectHideFlags: 1
  m_PrefabParentObject: {fileID: 0}
  m_PrefabInternal: {fileID: 100100000}
  m_GameObject: {fileID: 1000013445780436}
  m_LocalRotation: {x: -0.75538796, y: 0.024303216, z: 0.01979924, w: 0.6545276}
  m_LocalPosition: {x: -1.4676101, y: 0.50060403, z: 0.3764026}
  m_LocalScale: {x: 0.9999999, y: 1, z: 1.0000002}
  m_Children:
  - {fileID: 4000010753699174}
  m_Father: {fileID: 4000014225260462}
  m_RootOrder: 2
  m_LocalEulerAnglesHint: {x: 0, y: 0, z: 0}
--- !u!4 &4000011825386130
Transform:
  m_ObjectHideFlags: 1
  m_PrefabParentObject: {fileID: 0}
  m_PrefabInternal: {fileID: 100100000}
  m_GameObject: {fileID: 1000010756343134}
  m_LocalRotation: {x: 0, y: -0, z: -0, w: 1}
  m_LocalPosition: {x: -0, y: 1.3247486, z: 0}
  m_LocalScale: {x: 1, y: 1, z: 1}
  m_Children: []
  m_Father: {fileID: 4000011213176026}
  m_RootOrder: 0
  m_LocalEulerAnglesHint: {x: 0, y: 0, z: 0}
--- !u!4 &4000011913596236
Transform:
  m_ObjectHideFlags: 1
  m_PrefabParentObject: {fileID: 0}
  m_PrefabInternal: {fileID: 100100000}
  m_GameObject: {fileID: 1000011612229052}
  m_LocalRotation: {x: 0.57951707, y: -0.28745353, z: 0.11374625, w: 0.75405055}
  m_LocalPosition: {x: -1.0532635, y: 0.081872515, z: 0.94682723}
  m_LocalScale: {x: 0.99999976, y: 0.9999999, z: 1.0000001}
  m_Children:
  - {fileID: 4000010623827446}
  m_Father: {fileID: 4000012487566856}
  m_RootOrder: 1
  m_LocalEulerAnglesHint: {x: 0, y: 0, z: 0}
--- !u!4 &4000012071893346
Transform:
  m_ObjectHideFlags: 1
  m_PrefabParentObject: {fileID: 0}
  m_PrefabInternal: {fileID: 100100000}
  m_GameObject: {fileID: 1000010604669434}
  m_LocalRotation: {x: 0.13826719, y: -0.0041337283, z: -0.0031798317, w: 0.99038124}
  m_LocalPosition: {x: 0.000000009313226, y: 2.4781542, z: 0.0000002157758}
  m_LocalScale: {x: 0.99999976, y: 1.0000002, z: 1.0000001}
  m_Children:
  - {fileID: 4000011367975266}
  m_Father: {fileID: 4000012351578206}
  m_RootOrder: 0
  m_LocalEulerAnglesHint: {x: 0, y: 0, z: 0}
--- !u!4 &4000012351578206
Transform:
  m_ObjectHideFlags: 1
  m_PrefabParentObject: {fileID: 0}
  m_PrefabInternal: {fileID: 100100000}
  m_GameObject: {fileID: 1000013878693736}
  m_LocalRotation: {x: -0.6893702, y: 0.0068868618, z: 0.004835622, w: 0.72436035}
  m_LocalPosition: {x: -1.6435269, y: -0.17744003, z: -0.6162658}
  m_LocalScale: {x: 0.99999994, y: 1, z: 0.99999994}
  m_Children:
  - {fileID: 4000012071893346}
  m_Father: {fileID: 4000011758215604}
  m_RootOrder: 2
  m_LocalEulerAnglesHint: {x: 0, y: 0, z: 0}
--- !u!4 &4000012419286548
Transform:
  m_ObjectHideFlags: 1
  m_PrefabParentObject: {fileID: 0}
  m_PrefabInternal: {fileID: 100100000}
  m_GameObject: {fileID: 1000011619246958}
  m_LocalRotation: {x: 0, y: -0, z: -0, w: 1}
  m_LocalPosition: {x: -0, y: 1.3799171, z: 0}
  m_LocalScale: {x: 1, y: 1, z: 1}
  m_Children: []
  m_Father: {fileID: 4000011308860350}
  m_RootOrder: 0
  m_LocalEulerAnglesHint: {x: 0, y: 0, z: 0}
--- !u!4 &4000012487566856
Transform:
  m_ObjectHideFlags: 1
  m_PrefabParentObject: {fileID: 0}
  m_PrefabInternal: {fileID: 100100000}
  m_GameObject: {fileID: 1000012450345340}
  m_LocalRotation: {x: -0.101827115, y: -0.00000011858965, z: 0.00000001213873, w: 0.9948021}
  m_LocalPosition: {x: -0.00000011920929, y: 3.4643593, z: -0.00000011920929}
  m_LocalScale: {x: 1, y: 0.9999997, z: 0.9999997}
  m_Children:
  - {fileID: 4000010187329444}
  - {fileID: 4000011913596236}
  - {fileID: 4000010488161038}
  m_Father: {fileID: 4000011758215604}
  m_RootOrder: 0
  m_LocalEulerAnglesHint: {x: 0, y: 0, z: 0}
--- !u!4 &4000013057973156
Transform:
  m_ObjectHideFlags: 1
  m_PrefabParentObject: {fileID: 0}
  m_PrefabInternal: {fileID: 100100000}
  m_GameObject: {fileID: 1000011053211572}
  m_LocalRotation: {x: 0, y: -0, z: -0, w: 1}
  m_LocalPosition: {x: -0, y: 1.8984672, z: 0}
  m_LocalScale: {x: 1, y: 1, z: 1}
  m_Children: []
  m_Father: {fileID: 4000013219886686}
  m_RootOrder: 0
  m_LocalEulerAnglesHint: {x: 0, y: 0, z: 0}
--- !u!4 &4000013095063588
Transform:
  m_ObjectHideFlags: 1
  m_PrefabParentObject: {fileID: 0}
  m_PrefabInternal: {fileID: 100100000}
  m_GameObject: {fileID: 1000010317268898}
  m_LocalRotation: {x: 0.13826731, y: -0.0041337763, z: -0.0031797914, w: 0.99038124}
  m_LocalPosition: {x: 0.0000000055879354, y: 2.4781551, z: -0.00000005122274}
  m_LocalScale: {x: 0.99999976, y: 1.0000004, z: 1.0000002}
  m_Children:
  - {fileID: 4000011308860350}
  m_Father: {fileID: 4000013304051200}
  m_RootOrder: 0
  m_LocalEulerAnglesHint: {x: 0, y: 0, z: 0}
--- !u!4 &4000013101426424
Transform:
  m_ObjectHideFlags: 1
  m_PrefabParentObject: {fileID: 0}
  m_PrefabInternal: {fileID: 100100000}
  m_GameObject: {fileID: 1000011931894132}
  m_LocalRotation: {x: -0.75572795, y: 0.0054524057, z: 0.0034638206, w: 0.6548538}
  m_LocalPosition: {x: 1.6884246, y: 0.50060403, z: 0.3764026}
  m_LocalScale: {x: 0.9999999, y: 0.99999976, z: 1}
  m_Children:
  - {fileID: 4000010780237960}
  m_Father: {fileID: 4000014225260462}
  m_RootOrder: 1
  m_LocalEulerAnglesHint: {x: 0, y: 0, z: 0}
--- !u!4 &4000013219886686
Transform:
  m_ObjectHideFlags: 1
  m_PrefabParentObject: {fileID: 0}
  m_PrefabInternal: {fileID: 100100000}
  m_GameObject: {fileID: 1000012177266166}
  m_LocalRotation: {x: -0.00000013411044, y: -0.000000050535785, z: 0.00000006279237,
    w: 1}
  m_LocalPosition: {x: 0.0000002160725, y: 1.8984681, z: -0.00000021375362}
  m_LocalScale: {x: 1, y: 1, z: 1}
  m_Children:
  - {fileID: 4000013057973156}
  m_Father: {fileID: 4000010780237960}
  m_RootOrder: 0
  m_LocalEulerAnglesHint: {x: 0, y: 0, z: 0}
--- !u!4 &4000013304051200
Transform:
  m_ObjectHideFlags: 1
  m_PrefabParentObject: {fileID: 0}
  m_PrefabInternal: {fileID: 100100000}
  m_GameObject: {fileID: 1000013522938648}
  m_LocalRotation: {x: -0.6893702, y: 0.0068868557, z: 0.004835622, w: 0.72436035}
  m_LocalPosition: {x: 1.6636124, y: -0.17744002, z: -0.6162659}
  m_LocalScale: {x: 0.99999994, y: 0.99999994, z: 0.99999994}
  m_Children:
  - {fileID: 4000013095063588}
  m_Father: {fileID: 4000011758215604}
  m_RootOrder: 1
  m_LocalEulerAnglesHint: {x: 0, y: 0, z: 0}
--- !u!4 &4000013310939136
Transform:
  m_ObjectHideFlags: 1
  m_PrefabParentObject: {fileID: 0}
  m_PrefabInternal: {fileID: 100100000}
  m_GameObject: {fileID: 1000013475278336}
  m_LocalRotation: {x: 0, y: -0, z: -0, w: 1}
  m_LocalPosition: {x: -0, y: 1.3799176, z: 0}
  m_LocalScale: {x: 1, y: 1, z: 1}
  m_Children: []
  m_Father: {fileID: 4000011367975266}
  m_RootOrder: 0
  m_LocalEulerAnglesHint: {x: 0, y: 0, z: 0}
--- !u!4 &4000013393140876
Transform:
  m_ObjectHideFlags: 1
  m_PrefabParentObject: {fileID: 0}
  m_PrefabInternal: {fileID: 100100000}
  m_GameObject: {fileID: 1000011524447104}
  m_LocalRotation: {x: 0.000000059604645, y: 8.881784e-15, z: -1.39610495e-14, w: 1}
  m_LocalPosition: {x: 0.000000025943564, y: 1.0897483, z: 0.00000017591577}
  m_LocalScale: {x: 1, y: 1, z: 1}
  m_Children:
  - {fileID: 4000010858038656}
  m_Father: {fileID: 4000010488161038}
  m_RootOrder: 0
  m_LocalEulerAnglesHint: {x: 0, y: 0, z: 0}
--- !u!4 &4000013774134610
Transform:
  m_ObjectHideFlags: 1
  m_PrefabParentObject: {fileID: 0}
  m_PrefabInternal: {fileID: 100100000}
  m_GameObject: {fileID: 1000011410305886}
  m_LocalRotation: {x: 0, y: -0, z: -0, w: 1}
  m_LocalPosition: {x: -0, y: 1.3247484, z: 0}
  m_LocalScale: {x: 1, y: 1, z: 1}
  m_Children: []
  m_Father: {fileID: 4000010623827446}
  m_RootOrder: 0
  m_LocalEulerAnglesHint: {x: 0, y: 0, z: 0}
--- !u!4 &4000013921978714
Transform:
  m_ObjectHideFlags: 1
  m_PrefabParentObject: {fileID: 0}
  m_PrefabInternal: {fileID: 100100000}
  m_GameObject: {fileID: 1000013673582490}
  m_LocalRotation: {x: -0.00000007808268, y: -0.000000039041275, z: 0.000000039041325,
    w: 1}
  m_LocalPosition: {x: -0.000000014939488, y: 1.5267063, z: -0.000000057448815}
  m_LocalScale: {x: 1, y: 0.99999994, z: 1}
  m_Children:
  - {fileID: 4000010682565264}
  m_Father: {fileID: 4000010468766974}
  m_RootOrder: 0
  m_LocalEulerAnglesHint: {x: 0, y: 0, z: 0}
--- !u!4 &4000014130922968
Transform:
  m_ObjectHideFlags: 1
  m_PrefabParentObject: {fileID: 0}
  m_PrefabInternal: {fileID: 100100000}
  m_GameObject: {fileID: 1000013664729644}
  m_LocalRotation: {x: -7.417823e-10, y: 0.9999619, z: -0.0000000038119485, w: 0.008726628}
  m_LocalPosition: {x: -0.07781882, y: 3.5573382, z: 1.2460991}
  m_LocalScale: {x: 3.4880672, y: 3.4880664, z: 3.488067}
  m_Children: []
  m_Father: {fileID: 4000010017728176}
  m_RootOrder: 1
  m_LocalEulerAnglesHint: {x: 0, y: 0, z: 0}
--- !u!4 &4000014225260462
Transform:
  m_ObjectHideFlags: 1
  m_PrefabParentObject: {fileID: 0}
  m_PrefabInternal: {fileID: 100100000}
  m_GameObject: {fileID: 1000011155725458}
  m_LocalRotation: {x: -0.007031857, y: 0, z: -0, w: 0.99997526}
  m_LocalPosition: {x: 1.9496554, y: -2.0114508, z: 0.035084248}
  m_LocalScale: {x: 1, y: 1, z: 1}
  m_Children:
  - {fileID: 4000011758215604}
  - {fileID: 4000013101426424}
  - {fileID: 4000011790192452}
  - {fileID: 4000011505850106}
  m_Father: {fileID: 4000010072191676}
  m_RootOrder: 0
  m_LocalEulerAnglesHint: {x: 0, y: 0, z: 0}
--- !u!4 &4000014241392320
Transform:
  m_ObjectHideFlags: 1
  m_PrefabParentObject: {fileID: 0}
  m_PrefabInternal: {fileID: 100100000}
  m_GameObject: {fileID: 1000011538581932}
  m_LocalRotation: {x: 0.000000096857555, y: -0.0000000068057546, z: 0.000000007849049,
    w: 1}
  m_LocalPosition: {x: -0.0000000026321567, y: 1.898467, z: -0.0000001153338}
  m_LocalScale: {x: 1, y: 0.99999994, z: 0.99999994}
  m_Children:
  - {fileID: 4000011683625198}
  m_Father: {fileID: 4000010753699174}
  m_RootOrder: 0
  m_LocalEulerAnglesHint: {x: 0, y: 0, z: 0}
--- !u!111 &111000011044432296
Animation:
  m_ObjectHideFlags: 1
  m_PrefabParentObject: {fileID: 0}
  m_PrefabInternal: {fileID: 100100000}
  m_GameObject: {fileID: 1000012734141440}
  m_Enabled: 1
  serializedVersion: 3
  m_Animation: {fileID: 7400006, guid: 2958141d93745b144949323d28ecfcf7, type: 3}
  m_Animations:
  - {fileID: 7400000, guid: 2958141d93745b144949323d28ecfcf7, type: 3}
  - {fileID: 7400002, guid: 2958141d93745b144949323d28ecfcf7, type: 3}
  - {fileID: 7400004, guid: 2958141d93745b144949323d28ecfcf7, type: 3}
  - {fileID: 7400006, guid: 2958141d93745b144949323d28ecfcf7, type: 3}
  - {fileID: 7400008, guid: 2958141d93745b144949323d28ecfcf7, type: 3}
  - {fileID: 7400010, guid: 2958141d93745b144949323d28ecfcf7, type: 3}
  m_WrapMode: 0
  m_PlayAutomatically: 1
  m_AnimatePhysics: 0
  m_CullingType: 1
--- !u!137 &137000010762384810
SkinnedMeshRenderer:
  m_ObjectHideFlags: 1
  m_PrefabParentObject: {fileID: 0}
  m_PrefabInternal: {fileID: 100100000}
  m_GameObject: {fileID: 1000013664729644}
  m_Enabled: 1
  m_CastShadows: 1
  m_ReceiveShadows: 1
  m_DynamicOccludee: 1
  m_MotionVectors: 1
  m_LightProbeUsage: 1
  m_ReflectionProbeUsage: 1
  m_Materials:
  - {fileID: 2100000, guid: d25d229968f95a5409c5c980603b4b3d, type: 2}
  m_StaticBatchInfo:
    firstSubMesh: 0
    subMeshCount: 0
  m_StaticBatchRoot: {fileID: 0}
  m_ProbeAnchor: {fileID: 0}
  m_LightProbeVolumeOverride: {fileID: 0}
  m_ScaleInLightmap: 1
  m_PreserveUVs: 0
  m_IgnoreNormalsForChartDetection: 0
  m_ImportantGI: 0
  m_StitchLightmapSeams: 0
  m_SelectedEditorRenderState: 3
  m_MinimumChartSize: 4
  m_AutoUVMaxDistance: 0.5
  m_AutoUVMaxAngle: 89
  m_LightmapParameters: {fileID: 0}
  m_SortingLayerID: 0
  m_SortingLayer: 0
  m_SortingOrder: 0
  serializedVersion: 2
  m_Quality: 0
  m_UpdateWhenOffscreen: 1
  m_SkinnedMotionVectors: 1
  m_Mesh: {fileID: 4300000, guid: 2958141d93745b144949323d28ecfcf7, type: 3}
  m_Bones:
  - {fileID: 4000014225260462}
  - {fileID: 4000011758215604}
  - {fileID: 4000012487566856}
  - {fileID: 4000010488161038}
  - {fileID: 4000013393140876}
  - {fileID: 4000011913596236}
  - {fileID: 4000010623827446}
  - {fileID: 4000010187329444}
  - {fileID: 4000011213176026}
  - {fileID: 4000012351578206}
  - {fileID: 4000012071893346}
  - {fileID: 4000011367975266}
  - {fileID: 4000013304051200}
  - {fileID: 4000013095063588}
  - {fileID: 4000011308860350}
  - {fileID: 4000011505850106}
  - {fileID: 4000010468766974}
  - {fileID: 4000013921978714}
  - {fileID: 4000011790192452}
  - {fileID: 4000010753699174}
  - {fileID: 4000014241392320}
  - {fileID: 4000013101426424}
  - {fileID: 4000010780237960}
  - {fileID: 4000013219886686}
  m_BlendShapeWeights: []
  m_RootBone: {fileID: 4000014225260462}
  m_AABB:
    m_Center: {x: -0.4613874, y: 4.072966, z: -0.43918896}
    m_Extent: {x: 3.9457963, y: 7.688004, z: 4.459138}
  m_DirtyAABB: 0
--- !u!137 &137000011771293614
SkinnedMeshRenderer:
  m_ObjectHideFlags: 1
  m_PrefabParentObject: {fileID: 0}
  m_PrefabInternal: {fileID: 100100000}
  m_GameObject: {fileID: 1000010205356310}
  m_Enabled: 1
  m_CastShadows: 1
  m_ReceiveShadows: 1
  m_DynamicOccludee: 1
  m_MotionVectors: 1
  m_LightProbeUsage: 1
  m_ReflectionProbeUsage: 1
  m_Materials:
  - {fileID: 2100000, guid: d25d229968f95a5409c5c980603b4b3d, type: 2}
  m_StaticBatchInfo:
    firstSubMesh: 0
    subMeshCount: 0
  m_StaticBatchRoot: {fileID: 0}
  m_ProbeAnchor: {fileID: 0}
  m_LightProbeVolumeOverride: {fileID: 0}
  m_ScaleInLightmap: 1
  m_PreserveUVs: 0
  m_IgnoreNormalsForChartDetection: 0
  m_ImportantGI: 0
  m_StitchLightmapSeams: 0
  m_SelectedEditorRenderState: 3
  m_MinimumChartSize: 4
  m_AutoUVMaxDistance: 0.5
  m_AutoUVMaxAngle: 89
  m_LightmapParameters: {fileID: 0}
  m_SortingLayerID: 0
  m_SortingLayer: 0
  m_SortingOrder: 0
  serializedVersion: 2
  m_Quality: 0
  m_UpdateWhenOffscreen: 1
  m_SkinnedMotionVectors: 1
  m_Mesh: {fileID: 4300002, guid: 2958141d93745b144949323d28ecfcf7, type: 3}
  m_Bones:
  - {fileID: 4000014225260462}
  - {fileID: 4000011758215604}
  - {fileID: 4000012487566856}
  - {fileID: 4000010488161038}
  - {fileID: 4000013393140876}
  - {fileID: 4000011913596236}
  - {fileID: 4000010623827446}
  - {fileID: 4000010187329444}
  - {fileID: 4000011213176026}
  - {fileID: 4000012351578206}
  - {fileID: 4000012071893346}
  - {fileID: 4000011367975266}
  - {fileID: 4000013304051200}
  - {fileID: 4000013095063588}
  - {fileID: 4000011308860350}
  - {fileID: 4000011505850106}
  - {fileID: 4000010468766974}
  - {fileID: 4000013921978714}
  - {fileID: 4000011790192452}
  - {fileID: 4000010753699174}
  - {fileID: 4000014241392320}
  - {fileID: 4000013101426424}
  - {fileID: 4000010780237960}
  - {fileID: 4000013219886686}
  m_BlendShapeWeights: []
  m_RootBone: {fileID: 4000014225260462}
  m_AABB:
    m_Center: {x: -0.49320555, y: 4.0727754, z: -0.44606066}
    m_Extent: {x: 3.913978, y: 7.690021, z: 4.4660096}
  m_DirtyAABB: 0
--- !u!137 &137000012139118294
SkinnedMeshRenderer:
  m_ObjectHideFlags: 1
  m_PrefabParentObject: {fileID: 0}
  m_PrefabInternal: {fileID: 100100000}
  m_GameObject: {fileID: 1000012037529198}
  m_Enabled: 1
  m_CastShadows: 1
  m_ReceiveShadows: 1
  m_DynamicOccludee: 1
  m_MotionVectors: 1
  m_LightProbeUsage: 1
  m_ReflectionProbeUsage: 1
  m_Materials:
  - {fileID: 2100000, guid: d25d229968f95a5409c5c980603b4b3d, type: 2}
  m_StaticBatchInfo:
    firstSubMesh: 0
    subMeshCount: 0
  m_StaticBatchRoot: {fileID: 0}
  m_ProbeAnchor: {fileID: 0}
  m_LightProbeVolumeOverride: {fileID: 0}
  m_ScaleInLightmap: 1
  m_PreserveUVs: 0
  m_IgnoreNormalsForChartDetection: 0
  m_ImportantGI: 0
  m_StitchLightmapSeams: 0
  m_SelectedEditorRenderState: 3
  m_MinimumChartSize: 4
  m_AutoUVMaxDistance: 0.5
  m_AutoUVMaxAngle: 89
  m_LightmapParameters: {fileID: 0}
  m_SortingLayerID: 0
  m_SortingLayer: 0
  m_SortingOrder: 0
  serializedVersion: 2
  m_Quality: 0
  m_UpdateWhenOffscreen: 1
  m_SkinnedMotionVectors: 1
  m_Mesh: {fileID: 4300006, guid: 2958141d93745b144949323d28ecfcf7, type: 3}
  m_Bones:
  - {fileID: 4000014225260462}
  - {fileID: 4000011758215604}
  - {fileID: 4000012487566856}
  - {fileID: 4000010488161038}
  - {fileID: 4000013393140876}
  - {fileID: 4000011913596236}
  - {fileID: 4000010623827446}
  - {fileID: 4000010187329444}
  - {fileID: 4000011213176026}
  - {fileID: 4000012351578206}
  - {fileID: 4000012071893346}
  - {fileID: 4000011367975266}
  - {fileID: 4000013304051200}
  - {fileID: 4000013095063588}
  - {fileID: 4000011308860350}
  - {fileID: 4000011505850106}
  - {fileID: 4000010468766974}
  - {fileID: 4000013921978714}
  - {fileID: 4000011790192452}
  - {fileID: 4000010753699174}
  - {fileID: 4000014241392320}
  - {fileID: 4000013101426424}
  - {fileID: 4000010780237960}
  - {fileID: 4000013219886686}
  m_BlendShapeWeights: []
  m_RootBone: {fileID: 4000014225260462}
  m_AABB:
    m_Center: {x: -0.9532025, y: 4.1224384, z: -0.6002145}
    m_Extent: {x: 3.4539812, y: 7.719637, z: 4.585671}
  m_DirtyAABB: 0
--- !u!137 &137000012475812358
SkinnedMeshRenderer:
  m_ObjectHideFlags: 1
  m_PrefabParentObject: {fileID: 0}
  m_PrefabInternal: {fileID: 100100000}
  m_GameObject: {fileID: 1000012767289710}
  m_Enabled: 1
  m_CastShadows: 1
  m_ReceiveShadows: 1
  m_DynamicOccludee: 1
  m_MotionVectors: 1
  m_LightProbeUsage: 1
  m_ReflectionProbeUsage: 1
  m_Materials:
  - {fileID: 2100000, guid: d25d229968f95a5409c5c980603b4b3d, type: 2}
  m_StaticBatchInfo:
    firstSubMesh: 0
    subMeshCount: 0
  m_StaticBatchRoot: {fileID: 0}
  m_ProbeAnchor: {fileID: 0}
  m_LightProbeVolumeOverride: {fileID: 0}
  m_ScaleInLightmap: 1
  m_PreserveUVs: 0
  m_IgnoreNormalsForChartDetection: 0
  m_ImportantGI: 0
  m_StitchLightmapSeams: 0
  m_SelectedEditorRenderState: 3
  m_MinimumChartSize: 4
  m_AutoUVMaxDistance: 0.5
  m_AutoUVMaxAngle: 89
  m_LightmapParameters: {fileID: 0}
  m_SortingLayerID: 0
  m_SortingLayer: 0
  m_SortingOrder: 0
  serializedVersion: 2
  m_Quality: 0
  m_UpdateWhenOffscreen: 1
  m_SkinnedMotionVectors: 1
  m_Mesh: {fileID: 4300004, guid: 2958141d93745b144949323d28ecfcf7, type: 3}
  m_Bones:
  - {fileID: 4000014225260462}
  - {fileID: 4000011758215604}
  - {fileID: 4000012487566856}
  - {fileID: 4000010488161038}
  - {fileID: 4000013393140876}
  - {fileID: 4000011913596236}
  - {fileID: 4000010623827446}
  - {fileID: 4000010187329444}
  - {fileID: 4000011213176026}
  - {fileID: 4000012351578206}
  - {fileID: 4000012071893346}
  - {fileID: 4000011367975266}
  - {fileID: 4000013304051200}
  - {fileID: 4000013095063588}
  - {fileID: 4000011308860350}
  - {fileID: 4000011505850106}
  - {fileID: 4000010468766974}
  - {fileID: 4000013921978714}
  - {fileID: 4000011790192452}
  - {fileID: 4000010753699174}
  - {fileID: 4000014241392320}
  - {fileID: 4000013101426424}
  - {fileID: 4000010780237960}
  - {fileID: 4000013219886686}
  m_BlendShapeWeights: []
  m_RootBone: {fileID: 4000014225260462}
  m_AABB:
    m_Center: {x: -0.93641603, y: 4.070077, z: -0.67098117}
    m_Extent: {x: 3.4707675, y: 7.6852827, z: 4.6909304}
  m_DirtyAABB: 0
--- !u!205 &205000012986571326
LODGroup:
  m_ObjectHideFlags: 1
  m_PrefabParentObject: {fileID: 0}
  m_PrefabInternal: {fileID: 100100000}
  m_GameObject: {fileID: 1000012734141440}
  serializedVersion: 2
  m_LocalReferencePoint: {x: 0.4407394, y: 3.945756, z: 1.2185845}
  m_Size: 15.717162
  m_FadeMode: 0
  m_AnimateCrossFading: 0
  m_LODs:
  - screenRelativeHeight: 0.7187602
    fadeTransitionWidth: 0
    renderers:
    - renderer: {fileID: 137000011771293614}
  - screenRelativeHeight: 0.44769895
    fadeTransitionWidth: 0
    renderers:
    - renderer: {fileID: 137000010762384810}
  - screenRelativeHeight: 0.2111229
    fadeTransitionWidth: 0
    renderers:
    - renderer: {fileID: 137000012475812358}
  - screenRelativeHeight: 0.021540353
    fadeTransitionWidth: 0
    renderers:
    - renderer: {fileID: 137000012139118294}
  m_Enabled: 1
