%YAML 1.1
%TAG !u! tag:unity3d.com,2011:
--- !u!1001 &100100000
Prefab:
  m_ObjectHideFlags: 1
  serializedVersion: 2
  m_Modification:
    m_TransformParent: {fileID: 0}
    m_Modifications: []
    m_RemovedComponents: []
  m_ParentPrefab: {fileID: 0}
  m_RootGameObject: {fileID: 1000011896196880}
  m_IsPrefabParent: 1
--- !u!1 &1000010012137816
GameObject:
  m_ObjectHideFlags: 1
  m_PrefabParentObject: {fileID: 0}
  m_PrefabInternal: {fileID: 100100000}
  serializedVersion: 5
  m_Component:
  - component: {fileID: 4000013297562212}
  m_Layer: 0
  m_Name: LeftPaw2_end_end
  m_TagString: Untagged
  m_Icon: {fileID: 0}
  m_NavMeshLayer: 0
  m_StaticEditorFlags: 0
  m_IsActive: 1
--- !u!1 &1000010026181586
GameObject:
  m_ObjectHideFlags: 1
  m_PrefabParentObject: {fileID: 0}
  m_PrefabInternal: {fileID: 100100000}
  serializedVersion: 5
  m_Component:
  - component: {fileID: 4000013904474264}
  m_Layer: 0
  m_Name: LeftPaw1
  m_TagString: Untagged
  m_Icon: {fileID: 0}
  m_NavMeshLayer: 0
  m_StaticEditorFlags: 0
  m_IsActive: 1
--- !u!1 &1000010111913606
GameObject:
  m_ObjectHideFlags: 0
  m_PrefabParentObject: {fileID: 0}
  m_PrefabInternal: {fileID: 100100000}
  serializedVersion: 5
  m_Component:
  - component: {fileID: 4000010508826486}
  m_Layer: 0
  m_Name: Eagle Skeleton
  m_TagString: Untagged
  m_Icon: {fileID: 0}
  m_NavMeshLayer: 0
  m_StaticEditorFlags: 0
  m_IsActive: 1
--- !u!1 &1000010135950360
GameObject:
  m_ObjectHideFlags: 1
  m_PrefabParentObject: {fileID: 0}
  m_PrefabInternal: {fileID: 100100000}
  serializedVersion: 5
  m_Component:
  - component: {fileID: 4000011294471738}
  m_Layer: 0
  m_Name: RightPaw2_end_end
  m_TagString: Untagged
  m_Icon: {fileID: 0}
  m_NavMeshLayer: 0
  m_StaticEditorFlags: 0
  m_IsActive: 1
--- !u!1 &1000010143677852
GameObject:
  m_ObjectHideFlags: 1
  m_PrefabParentObject: {fileID: 0}
  m_PrefabInternal: {fileID: 100100000}
  serializedVersion: 5
  m_Component:
  - component: {fileID: 4000012526823938}
  m_Layer: 0
  m_Name: LeftWings2_end_end
  m_TagString: Untagged
  m_Icon: {fileID: 0}
  m_NavMeshLayer: 0
  m_StaticEditorFlags: 0
  m_IsActive: 1
--- !u!1 &1000010259738540
GameObject:
  m_ObjectHideFlags: 1
  m_PrefabParentObject: {fileID: 0}
  m_PrefabInternal: {fileID: 100100000}
  serializedVersion: 5
  m_Component:
  - component: {fileID: 4000010063173370}
  m_Layer: 0
  m_Name: Tail1
  m_TagString: Untagged
  m_Icon: {fileID: 0}
  m_NavMeshLayer: 0
  m_StaticEditorFlags: 0
  m_IsActive: 1
--- !u!1 &1000010310754346
GameObject:
  m_ObjectHideFlags: 1
  m_PrefabParentObject: {fileID: 0}
  m_PrefabInternal: {fileID: 100100000}
  serializedVersion: 5
  m_Component:
  - component: {fileID: 4000010199049266}
  m_Layer: 0
  m_Name: LeftPaw4_end_end
  m_TagString: Untagged
  m_Icon: {fileID: 0}
  m_NavMeshLayer: 0
  m_StaticEditorFlags: 0
  m_IsActive: 1
--- !u!1 &1000010436769992
GameObject:
  m_ObjectHideFlags: 1
  m_PrefabParentObject: {fileID: 0}
  m_PrefabInternal: {fileID: 100100000}
  serializedVersion: 5
  m_Component:
  - component: {fileID: 4000012348491950}
  m_Layer: 0
  m_Name: RightPaw3
  m_TagString: Untagged
  m_Icon: {fileID: 0}
  m_NavMeshLayer: 0
  m_StaticEditorFlags: 0
  m_IsActive: 1
--- !u!1 &1000010535178840
GameObject:
  m_ObjectHideFlags: 1
  m_PrefabParentObject: {fileID: 0}
  m_PrefabInternal: {fileID: 100100000}
  serializedVersion: 5
  m_Component:
  - component: {fileID: 4000010500865428}
  m_Layer: 0
  m_Name: LeftPaw4_end
  m_TagString: Untagged
  m_Icon: {fileID: 0}
  m_NavMeshLayer: 0
  m_StaticEditorFlags: 0
  m_IsActive: 1
--- !u!1 &1000010690505436
GameObject:
  m_ObjectHideFlags: 1
  m_PrefabParentObject: {fileID: 0}
  m_PrefabInternal: {fileID: 100100000}
  serializedVersion: 5
  m_Component:
  - component: {fileID: 4000012532240444}
  m_Layer: 0
  m_Name: LeftPaw3
  m_TagString: Untagged
  m_Icon: {fileID: 0}
  m_NavMeshLayer: 0
  m_StaticEditorFlags: 0
  m_IsActive: 1
--- !u!1 &1000010824464222
GameObject:
  m_ObjectHideFlags: 0
  m_PrefabParentObject: {fileID: 0}
  m_PrefabInternal: {fileID: 100100000}
  serializedVersion: 5
  m_Component:
  - component: {fileID: 4000011586853568}
  - component: {fileID: 137000011411270218}
  m_Layer: 0
  m_Name: EagleLOD2
  m_TagString: Untagged
  m_Icon: {fileID: 0}
  m_NavMeshLayer: 0
  m_StaticEditorFlags: 0
  m_IsActive: 1
--- !u!1 &1000011011258886
GameObject:
  m_ObjectHideFlags: 1
  m_PrefabParentObject: {fileID: 0}
  m_PrefabInternal: {fileID: 100100000}
  serializedVersion: 5
  m_Component:
  - component: {fileID: 4000011950793020}
  m_Layer: 0
  m_Name: RightWings1
  m_TagString: Untagged
  m_Icon: {fileID: 0}
  m_NavMeshLayer: 0
  m_StaticEditorFlags: 0
  m_IsActive: 1
--- !u!1 &1000011037788492
GameObject:
  m_ObjectHideFlags: 1
  m_PrefabParentObject: {fileID: 0}
  m_PrefabInternal: {fileID: 100100000}
  serializedVersion: 5
  m_Component:
  - component: {fileID: 4000014109990300}
  m_Layer: 0
  m_Name: Beak_end_end
  m_TagString: Untagged
  m_Icon: {fileID: 0}
  m_NavMeshLayer: 0
  m_StaticEditorFlags: 0
  m_IsActive: 1
--- !u!1 &1000011191476436
GameObject:
  m_ObjectHideFlags: 1
  m_PrefabParentObject: {fileID: 0}
  m_PrefabInternal: {fileID: 100100000}
  serializedVersion: 5
  m_Component:
  - component: {fileID: 4000010540479062}
  m_Layer: 0
  m_Name: Body
  m_TagString: Untagged
  m_Icon: {fileID: 0}
  m_NavMeshLayer: 0
  m_StaticEditorFlags: 0
  m_IsActive: 1
--- !u!1 &1000011213926696
GameObject:
  m_ObjectHideFlags: 1
  m_PrefabParentObject: {fileID: 0}
  m_PrefabInternal: {fileID: 100100000}
  serializedVersion: 5
  m_Component:
  - component: {fileID: 4000011169598846}
  m_Layer: 0
  m_Name: RightLeght1
  m_TagString: Untagged
  m_Icon: {fileID: 0}
  m_NavMeshLayer: 0
  m_StaticEditorFlags: 0
  m_IsActive: 1
--- !u!1 &1000011362180072
GameObject:
  m_ObjectHideFlags: 1
  m_PrefabParentObject: {fileID: 0}
  m_PrefabInternal: {fileID: 100100000}
  serializedVersion: 5
  m_Component:
  - component: {fileID: 4000013212236804}
  m_Layer: 0
  m_Name: Head
  m_TagString: Untagged
  m_Icon: {fileID: 0}
  m_NavMeshLayer: 0
  m_StaticEditorFlags: 0
  m_IsActive: 1
--- !u!1 &1000011778808026
GameObject:
  m_ObjectHideFlags: 0
  m_PrefabParentObject: {fileID: 0}
  m_PrefabInternal: {fileID: 100100000}
  serializedVersion: 5
  m_Component:
  - component: {fileID: 4000011682664376}
  - component: {fileID: 137000014283826238}
  m_Layer: 0
  m_Name: EagleLOD1
  m_TagString: Untagged
  m_Icon: {fileID: 0}
  m_NavMeshLayer: 0
  m_StaticEditorFlags: 0
  m_IsActive: 1
--- !u!1 &1000011818321004
GameObject:
  m_ObjectHideFlags: 1
  m_PrefabParentObject: {fileID: 0}
  m_PrefabInternal: {fileID: 100100000}
  serializedVersion: 5
  m_Component:
  - component: {fileID: 4000010228000492}
  m_Layer: 0
  m_Name: LeftWings2
  m_TagString: Untagged
  m_Icon: {fileID: 0}
  m_NavMeshLayer: 0
  m_StaticEditorFlags: 0
  m_IsActive: 1
--- !u!1 &1000011841918664
GameObject:
  m_ObjectHideFlags: 1
  m_PrefabParentObject: {fileID: 0}
  m_PrefabInternal: {fileID: 100100000}
  serializedVersion: 5
  m_Component:
  - component: {fileID: 4000011023334282}
  m_Layer: 0
  m_Name: RightPaw4
  m_TagString: Untagged
  m_Icon: {fileID: 0}
  m_NavMeshLayer: 0
  m_StaticEditorFlags: 0
  m_IsActive: 1
--- !u!1 &1000011855289616
GameObject:
  m_ObjectHideFlags: 1
  m_PrefabParentObject: {fileID: 0}
  m_PrefabInternal: {fileID: 100100000}
  serializedVersion: 5
  m_Component:
  - component: {fileID: 4000011435406228}
  m_Layer: 0
  m_Name: Neck
  m_TagString: Untagged
  m_Icon: {fileID: 0}
  m_NavMeshLayer: 0
  m_StaticEditorFlags: 0
  m_IsActive: 1
--- !u!1 &1000011896196880
GameObject:
  m_ObjectHideFlags: 0
  m_PrefabParentObject: {fileID: 0}
  m_PrefabInternal: {fileID: 100100000}
  serializedVersion: 5
  m_Component:
  - component: {fileID: 4000010150637716}
  - component: {fileID: 111000013493133148}
  - component: {fileID: 205000014248619450}
  m_Layer: 0
  m_Name: EagleAtlasColor1
  m_TagString: Untagged
  m_Icon: {fileID: 0}
  m_NavMeshLayer: 0
  m_StaticEditorFlags: 0
  m_IsActive: 1
--- !u!1 &1000012038329400
GameObject:
  m_ObjectHideFlags: 1
  m_PrefabParentObject: {fileID: 0}
  m_PrefabInternal: {fileID: 100100000}
  serializedVersion: 5
  m_Component:
  - component: {fileID: 4000012050388518}
  m_Layer: 0
  m_Name: LeftLeght1
  m_TagString: Untagged
  m_Icon: {fileID: 0}
  m_NavMeshLayer: 0
  m_StaticEditorFlags: 0
  m_IsActive: 1
--- !u!1 &1000012087563366
GameObject:
  m_ObjectHideFlags: 1
  m_PrefabParentObject: {fileID: 0}
  m_PrefabInternal: {fileID: 100100000}
  serializedVersion: 5
  m_Component:
  - component: {fileID: 4000014072463396}
  m_Layer: 0
  m_Name: Tail2_end_end
  m_TagString: Untagged
  m_Icon: {fileID: 0}
  m_NavMeshLayer: 0
  m_StaticEditorFlags: 0
  m_IsActive: 1
--- !u!1 &1000012115248728
GameObject:
  m_ObjectHideFlags: 1
  m_PrefabParentObject: {fileID: 0}
  m_PrefabInternal: {fileID: 100100000}
  serializedVersion: 5
  m_Component:
  - component: {fileID: 4000010788650290}
  m_Layer: 0
  m_Name: RightWings2_end
  m_TagString: Untagged
  m_Icon: {fileID: 0}
  m_NavMeshLayer: 0
  m_StaticEditorFlags: 0
  m_IsActive: 1
--- !u!1 &1000012277348906
GameObject:
  m_ObjectHideFlags: 1
  m_PrefabParentObject: {fileID: 0}
  m_PrefabInternal: {fileID: 100100000}
  serializedVersion: 5
  m_Component:
  - component: {fileID: 4000014096229340}
  m_Layer: 0
  m_Name: RightWings2_end_end
  m_TagString: Untagged
  m_Icon: {fileID: 0}
  m_NavMeshLayer: 0
  m_StaticEditorFlags: 0
  m_IsActive: 1
--- !u!1 &1000012330399356
GameObject:
  m_ObjectHideFlags: 1
  m_PrefabParentObject: {fileID: 0}
  m_PrefabInternal: {fileID: 100100000}
  serializedVersion: 5
  m_Component:
  - component: {fileID: 4000011901049262}
  m_Layer: 0
  m_Name: LeftWings2_end
  m_TagString: Untagged
  m_Icon: {fileID: 0}
  m_NavMeshLayer: 0
  m_StaticEditorFlags: 0
  m_IsActive: 1
--- !u!1 &1000012407144458
GameObject:
  m_ObjectHideFlags: 1
  m_PrefabParentObject: {fileID: 0}
  m_PrefabInternal: {fileID: 100100000}
  serializedVersion: 5
  m_Component:
  - component: {fileID: 4000012768627700}
  m_Layer: 0
  m_Name: LeftPaw2_end
  m_TagString: Untagged
  m_Icon: {fileID: 0}
  m_NavMeshLayer: 0
  m_StaticEditorFlags: 0
  m_IsActive: 1
--- !u!1 &1000012474780408
GameObject:
  m_ObjectHideFlags: 1
  m_PrefabParentObject: {fileID: 0}
  m_PrefabInternal: {fileID: 100100000}
  serializedVersion: 5
  m_Component:
  - component: {fileID: 4000013385385406}
  m_Layer: 0
  m_Name: RightPaw2
  m_TagString: Untagged
  m_Icon: {fileID: 0}
  m_NavMeshLayer: 0
  m_StaticEditorFlags: 0
  m_IsActive: 1
--- !u!1 &1000012512238870
GameObject:
  m_ObjectHideFlags: 1
  m_PrefabParentObject: {fileID: 0}
  m_PrefabInternal: {fileID: 100100000}
  serializedVersion: 5
  m_Component:
  - component: {fileID: 4000013574723208}
  m_Layer: 0
  m_Name: Tail1_end_end
  m_TagString: Untagged
  m_Icon: {fileID: 0}
  m_NavMeshLayer: 0
  m_StaticEditorFlags: 0
  m_IsActive: 1
--- !u!1 &1000012529653594
GameObject:
  m_ObjectHideFlags: 1
  m_PrefabParentObject: {fileID: 0}
  m_PrefabInternal: {fileID: 100100000}
  serializedVersion: 5
  m_Component:
  - component: {fileID: 4000010934653700}
  m_Layer: 0
  m_Name: Tail2
  m_TagString: Untagged
  m_Icon: {fileID: 0}
  m_NavMeshLayer: 0
  m_StaticEditorFlags: 0
  m_IsActive: 1
--- !u!1 &1000012617001944
GameObject:
  m_ObjectHideFlags: 1
  m_PrefabParentObject: {fileID: 0}
  m_PrefabInternal: {fileID: 100100000}
  serializedVersion: 5
  m_Component:
  - component: {fileID: 4000012203416092}
  m_Layer: 0
  m_Name: RightPaw4_end
  m_TagString: Untagged
  m_Icon: {fileID: 0}
  m_NavMeshLayer: 0
  m_StaticEditorFlags: 0
  m_IsActive: 1
--- !u!1 &1000012693232664
GameObject:
  m_ObjectHideFlags: 1
  m_PrefabParentObject: {fileID: 0}
  m_PrefabInternal: {fileID: 100100000}
  serializedVersion: 5
  m_Component:
  - component: {fileID: 4000013025906058}
  m_Layer: 0
  m_Name: LeftPaw2
  m_TagString: Untagged
  m_Icon: {fileID: 0}
  m_NavMeshLayer: 0
  m_StaticEditorFlags: 0
  m_IsActive: 1
--- !u!1 &1000012714593674
GameObject:
  m_ObjectHideFlags: 1
  m_PrefabParentObject: {fileID: 0}
  m_PrefabInternal: {fileID: 100100000}
  serializedVersion: 5
  m_Component:
  - component: {fileID: 4000012971580180}
  m_Layer: 0
  m_Name: RightLeg2
  m_TagString: Untagged
  m_Icon: {fileID: 0}
  m_NavMeshLayer: 0
  m_StaticEditorFlags: 0
  m_IsActive: 1
--- !u!1 &1000013037198534
GameObject:
  m_ObjectHideFlags: 1
  m_PrefabParentObject: {fileID: 0}
  m_PrefabInternal: {fileID: 100100000}
  serializedVersion: 5
  m_Component:
  - component: {fileID: 4000012791643342}
  m_Layer: 0
  m_Name: Tail1_end
  m_TagString: Untagged
  m_Icon: {fileID: 0}
  m_NavMeshLayer: 0
  m_StaticEditorFlags: 0
  m_IsActive: 1
--- !u!1 &1000013072535592
GameObject:
  m_ObjectHideFlags: 1
  m_PrefabParentObject: {fileID: 0}
  m_PrefabInternal: {fileID: 100100000}
  serializedVersion: 5
  m_Component:
  - component: {fileID: 4000011735569850}
  m_Layer: 0
  m_Name: LeftWings1
  m_TagString: Untagged
  m_Icon: {fileID: 0}
  m_NavMeshLayer: 0
  m_StaticEditorFlags: 0
  m_IsActive: 1
--- !u!1 &1000013086254460
GameObject:
  m_ObjectHideFlags: 1
  m_PrefabParentObject: {fileID: 0}
  m_PrefabInternal: {fileID: 100100000}
  serializedVersion: 5
  m_Component:
  - component: {fileID: 4000014035860398}
  m_Layer: 0
  m_Name: LeftLeght2
  m_TagString: Untagged
  m_Icon: {fileID: 0}
  m_NavMeshLayer: 0
  m_StaticEditorFlags: 0
  m_IsActive: 1
--- !u!1 &1000013112656346
GameObject:
  m_ObjectHideFlags: 1
  m_PrefabParentObject: {fileID: 0}
  m_PrefabInternal: {fileID: 100100000}
  serializedVersion: 5
  m_Component:
  - component: {fileID: 4000013314547910}
  m_Layer: 0
  m_Name: RightPaw4_end_end
  m_TagString: Untagged
  m_Icon: {fileID: 0}
  m_NavMeshLayer: 0
  m_StaticEditorFlags: 0
  m_IsActive: 1
--- !u!1 &1000013298298184
GameObject:
  m_ObjectHideFlags: 1
  m_PrefabParentObject: {fileID: 0}
  m_PrefabInternal: {fileID: 100100000}
  serializedVersion: 5
  m_Component:
  - component: {fileID: 4000012689218366}
  m_Layer: 0
  m_Name: Tail2_end
  m_TagString: Untagged
  m_Icon: {fileID: 0}
  m_NavMeshLayer: 0
  m_StaticEditorFlags: 0
  m_IsActive: 1
--- !u!1 &1000013480163646
GameObject:
  m_ObjectHideFlags: 0
  m_PrefabParentObject: {fileID: 0}
  m_PrefabInternal: {fileID: 100100000}
  serializedVersion: 5
  m_Component:
  - component: {fileID: 4000013536454866}
  - component: {fileID: 137000013940179922}
  m_Layer: 0
  m_Name: Eagle
  m_TagString: Untagged
  m_Icon: {fileID: 0}
  m_NavMeshLayer: 0
  m_StaticEditorFlags: 0
  m_IsActive: 1
--- !u!1 &1000013606002870
GameObject:
  m_ObjectHideFlags: 1
  m_PrefabParentObject: {fileID: 0}
  m_PrefabInternal: {fileID: 100100000}
  serializedVersion: 5
  m_Component:
  - component: {fileID: 4000012194380276}
  m_Layer: 0
  m_Name: LeftPaw4
  m_TagString: Untagged
  m_Icon: {fileID: 0}
  m_NavMeshLayer: 0
  m_StaticEditorFlags: 0
  m_IsActive: 1
--- !u!1 &1000013838975940
GameObject:
  m_ObjectHideFlags: 1
  m_PrefabParentObject: {fileID: 0}
  m_PrefabInternal: {fileID: 100100000}
  serializedVersion: 5
  m_Component:
  - component: {fileID: 4000013756926126}
  m_Layer: 0
  m_Name: Beak_end
  m_TagString: Untagged
  m_Icon: {fileID: 0}
  m_NavMeshLayer: 0
  m_StaticEditorFlags: 0
  m_IsActive: 1
--- !u!1 &1000013851015772
GameObject:
  m_ObjectHideFlags: 1
  m_PrefabParentObject: {fileID: 0}
  m_PrefabInternal: {fileID: 100100000}
  serializedVersion: 5
  m_Component:
  - component: {fileID: 4000013415636724}
  m_Layer: 0
  m_Name: Beak
  m_TagString: Untagged
  m_Icon: {fileID: 0}
  m_NavMeshLayer: 0
  m_StaticEditorFlags: 0
  m_IsActive: 1
--- !u!1 &1000013866180108
GameObject:
  m_ObjectHideFlags: 1
  m_PrefabParentObject: {fileID: 0}
  m_PrefabInternal: {fileID: 100100000}
  serializedVersion: 5
  m_Component:
  - component: {fileID: 4000012025108706}
  m_Layer: 0
  m_Name: RightWings2
  m_TagString: Untagged
  m_Icon: {fileID: 0}
  m_NavMeshLayer: 0
  m_StaticEditorFlags: 0
  m_IsActive: 1
--- !u!1 &1000013927651660
GameObject:
  m_ObjectHideFlags: 1
  m_PrefabParentObject: {fileID: 0}
  m_PrefabInternal: {fileID: 100100000}
  serializedVersion: 5
  m_Component:
  - component: {fileID: 4000013254066260}
  m_Layer: 0
  m_Name: RightPaw1
  m_TagString: Untagged
  m_Icon: {fileID: 0}
  m_NavMeshLayer: 0
  m_StaticEditorFlags: 0
  m_IsActive: 1
--- !u!1 &1000014153342700
GameObject:
  m_ObjectHideFlags: 1
  m_PrefabParentObject: {fileID: 0}
  m_PrefabInternal: {fileID: 100100000}
  serializedVersion: 5
  m_Component:
  - component: {fileID: 4000012217185956}
  m_Layer: 0
  m_Name: RightPaw2_end
  m_TagString: Untagged
  m_Icon: {fileID: 0}
  m_NavMeshLayer: 0
  m_StaticEditorFlags: 0
  m_IsActive: 1
--- !u!4 &4000010063173370
Transform:
  m_ObjectHideFlags: 1
  m_PrefabParentObject: {fileID: 0}
  m_PrefabInternal: {fileID: 100100000}
  m_GameObject: {fileID: 1000010259738540}
  m_LocalRotation: {x: 0.0034745252, y: -0.016304376, z: 0.98160505, w: -0.19019385}
  m_LocalPosition: {x: 0.3643663, y: -0.41970974, z: -0.08201966}
  m_LocalScale: {x: 0.9999979, y: 0.9999998, z: 1}
  m_Children:
  - {fileID: 4000012791643342}
  m_Father: {fileID: 4000010540479062}
  m_RootOrder: 5
  m_LocalEulerAnglesHint: {x: 0, y: 0, z: 0}
--- !u!4 &4000010150637716
Transform:
  m_ObjectHideFlags: 1
  m_PrefabParentObject: {fileID: 0}
  m_PrefabInternal: {fileID: 100100000}
  m_GameObject: {fileID: 1000011896196880}
  m_LocalRotation: {x: 0, y: 0, z: 0, w: 1}
  m_LocalPosition: {x: 0, y: 0, z: 0}
  m_LocalScale: {x: 1, y: 1, z: 1}
  m_Children:
  - {fileID: 4000013536454866}
  - {fileID: 4000010508826486}
  - {fileID: 4000011682664376}
  - {fileID: 4000011586853568}
  m_Father: {fileID: 0}
  m_RootOrder: 0
  m_LocalEulerAnglesHint: {x: 0, y: 0, z: 0}
--- !u!4 &4000010199049266
Transform:
  m_ObjectHideFlags: 1
  m_PrefabParentObject: {fileID: 0}
  m_PrefabInternal: {fileID: 100100000}
  m_GameObject: {fileID: 1000010310754346}
  m_LocalRotation: {x: 0, y: -0, z: -0, w: 1}
  m_LocalPosition: {x: -0, y: 0.31168753, z: 0}
  m_LocalScale: {x: 1, y: 1, z: 1}
  m_Children: []
  m_Father: {fileID: 4000010500865428}
  m_RootOrder: 0
  m_LocalEulerAnglesHint: {x: 0, y: 0, z: 0}
--- !u!4 &4000010228000492
Transform:
  m_ObjectHideFlags: 1
  m_PrefabParentObject: {fileID: 0}
  m_PrefabInternal: {fileID: 100100000}
  m_GameObject: {fileID: 1000011818321004}
  m_LocalRotation: {x: 0.044967663, y: 0.018097926, z: 0.0035304532, w: 0.9988183}
  m_LocalPosition: {x: -0.004597705, y: 5.5377765, z: -0.071420565}
  m_LocalScale: {x: 1.0000002, y: 0.99999976, z: 0.9999997}
  m_Children:
  - {fileID: 4000011901049262}
  m_Father: {fileID: 4000011735569850}
  m_RootOrder: 0
  m_LocalEulerAnglesHint: {x: 0, y: 0, z: 0}
--- !u!4 &4000010500865428
Transform:
  m_ObjectHideFlags: 1
  m_PrefabParentObject: {fileID: 0}
  m_PrefabInternal: {fileID: 100100000}
  m_GameObject: {fileID: 1000010535178840}
  m_LocalRotation: {x: 0.00000036681206, y: 0.00000035132513, z: -0.00000035623088,
    w: 1}
  m_LocalPosition: {x: 0.00000010803342, y: 0.3116876, z: -0.000000024302608}
  m_LocalScale: {x: 1, y: 0.99999994, z: 1}
  m_Children:
  - {fileID: 4000010199049266}
  m_Father: {fileID: 4000012194380276}
  m_RootOrder: 0
  m_LocalEulerAnglesHint: {x: 0, y: 0, z: 0}
--- !u!4 &4000010508826486
Transform:
  m_ObjectHideFlags: 1
  m_PrefabParentObject: {fileID: 0}
  m_PrefabInternal: {fileID: 100100000}
  m_GameObject: {fileID: 1000010111913606}
  m_LocalRotation: {x: 0.00000006883939, y: 0.7071067, z: 0.7071068, w: -0.000000068839384}
  m_LocalPosition: {x: 0.92908895, y: 3.7459943, z: -0.77190685}
  m_LocalScale: {x: 1, y: 1, z: 1}
  m_Children:
  - {fileID: 4000010540479062}
  m_Father: {fileID: 4000010150637716}
  m_RootOrder: 1
  m_LocalEulerAnglesHint: {x: 0, y: 0, z: 0}
--- !u!4 &4000010540479062
Transform:
  m_ObjectHideFlags: 1
  m_PrefabParentObject: {fileID: 0}
  m_PrefabInternal: {fileID: 100100000}
  m_GameObject: {fileID: 1000011191476436}
  m_LocalRotation: {x: -0.0062511023, y: 0, z: -0, w: 0.99998045}
  m_LocalPosition: {x: 1.086129, y: -6.078835e-10, z: 3.717778}
  m_LocalScale: {x: 1, y: 1, z: 1}
  m_Children:
  - {fileID: 4000012050388518}
  - {fileID: 4000011735569850}
  - {fileID: 4000011435406228}
  - {fileID: 4000011169598846}
  - {fileID: 4000011950793020}
  - {fileID: 4000010063173370}
  - {fileID: 4000010934653700}
  m_Father: {fileID: 4000010508826486}
  m_RootOrder: 0
  m_LocalEulerAnglesHint: {x: 0, y: 0, z: 0}
--- !u!4 &4000010788650290
Transform:
  m_ObjectHideFlags: 1
  m_PrefabParentObject: {fileID: 0}
  m_PrefabInternal: {fileID: 100100000}
  m_GameObject: {fileID: 1000012115248728}
  m_LocalRotation: {x: 0.00000005981122, y: -0.000000048545193, z: 8.0763135e-10,
    w: 1}
  m_LocalPosition: {x: 0.00000023469329, y: 6.1229343, z: -0.00000022724271}
  m_LocalScale: {x: 1, y: 0.99999994, z: 0.9999999}
  m_Children:
  - {fileID: 4000014096229340}
  m_Father: {fileID: 4000012025108706}
  m_RootOrder: 0
  m_LocalEulerAnglesHint: {x: 0, y: 0, z: 0}
--- !u!4 &4000010934653700
Transform:
  m_ObjectHideFlags: 1
  m_PrefabParentObject: {fileID: 0}
  m_PrefabInternal: {fileID: 100100000}
  m_GameObject: {fileID: 1000012529653594}
  m_LocalRotation: {x: 0.009926206, y: -0.018888243, z: 0.98569274, w: 0.16719614}
  m_LocalPosition: {x: -0.52076745, y: -0.41970968, z: -0.08201966}
  m_LocalScale: {x: 0.9999996, y: 0.99999976, z: 1}
  m_Children:
  - {fileID: 4000012689218366}
  m_Father: {fileID: 4000010540479062}
  m_RootOrder: 6
  m_LocalEulerAnglesHint: {x: 0, y: 0, z: 0}
--- !u!4 &4000011023334282
Transform:
  m_ObjectHideFlags: 1
  m_PrefabParentObject: {fileID: 0}
  m_PrefabInternal: {fileID: 100100000}
  m_GameObject: {fileID: 1000011841918664}
  m_LocalRotation: {x: -0.14508368, y: 0.02780832, z: -0.1711992, w: 0.97409874}
  m_LocalPosition: {x: -0.000000029802322, y: 0.33114305, z: -0.00000006495975}
  m_LocalScale: {x: 0.9999998, y: 1.0000001, z: 0.99999994}
  m_Children:
  - {fileID: 4000012203416092}
  m_Father: {fileID: 4000012348491950}
  m_RootOrder: 0
  m_LocalEulerAnglesHint: {x: 0, y: 0, z: 0}
--- !u!4 &4000011169598846
Transform:
  m_ObjectHideFlags: 1
  m_PrefabParentObject: {fileID: 0}
  m_PrefabInternal: {fileID: 100100000}
  m_GameObject: {fileID: 1000011213926696}
  m_LocalRotation: {x: 0.8775415, y: -0.01619656, z: -0.008843692, w: -0.4791455}
  m_LocalPosition: {x: -0.7407936, y: 0.3918802, z: -0.95083666}
  m_LocalScale: {x: 0.99999976, y: 0.9999999, z: 1.0000002}
  m_Children:
  - {fileID: 4000012971580180}
  m_Father: {fileID: 4000010540479062}
  m_RootOrder: 3
  m_LocalEulerAnglesHint: {x: 0, y: 0, z: 0}
--- !u!4 &4000011294471738
Transform:
  m_ObjectHideFlags: 1
  m_PrefabParentObject: {fileID: 0}
  m_PrefabInternal: {fileID: 100100000}
  m_GameObject: {fileID: 1000010135950360}
  m_LocalRotation: {x: 0, y: -0, z: -0, w: 1}
  m_LocalPosition: {x: -0, y: 0.40208167, z: 0}
  m_LocalScale: {x: 1, y: 1, z: 1}
  m_Children: []
  m_Father: {fileID: 4000012217185956}
  m_RootOrder: 0
  m_LocalEulerAnglesHint: {x: 0, y: 0, z: 0}
--- !u!4 &4000011435406228
Transform:
  m_ObjectHideFlags: 1
  m_PrefabParentObject: {fileID: 0}
  m_PrefabInternal: {fileID: 100100000}
  m_GameObject: {fileID: 1000011855289616}
  m_LocalRotation: {x: 0.11260895, y: -0, z: -0, w: 0.9936394}
  m_LocalPosition: {x: -0, y: 3.2803931, z: 0.0000003799796}
  m_LocalScale: {x: 1, y: 0.9999998, z: 0.9999997}
  m_Children:
  - {fileID: 4000013212236804}
  m_Father: {fileID: 4000010540479062}
  m_RootOrder: 2
  m_LocalEulerAnglesHint: {x: 0, y: 0, z: 0}
--- !u!4 &4000011586853568
Transform:
  m_ObjectHideFlags: 1
  m_PrefabParentObject: {fileID: 0}
  m_PrefabInternal: {fileID: 100100000}
  m_GameObject: {fileID: 1000010824464222}
  m_LocalRotation: {x: 0.00000015731347, y: -0.00051520066, z: -0.000000021354182,
    w: 0.9999999}
  m_LocalPosition: {x: -0.15656966, y: 4.0977936, z: 1.3524593}
  m_LocalScale: {x: 23.488094, y: 23.488096, z: 23.48809}
  m_Children: []
  m_Father: {fileID: 4000010150637716}
  m_RootOrder: 3
  m_LocalEulerAnglesHint: {x: 0, y: 0, z: 0}
--- !u!4 &4000011682664376
Transform:
  m_ObjectHideFlags: 1
  m_PrefabParentObject: {fileID: 0}
  m_PrefabInternal: {fileID: 100100000}
  m_GameObject: {fileID: 1000011778808026}
  m_LocalRotation: {x: 0.00000015731347, y: -0.00051520066, z: -0.000000021354182,
    w: 0.9999999}
  m_LocalPosition: {x: -0.15656966, y: 4.0977936, z: 1.3524593}
  m_LocalScale: {x: 23.488094, y: 23.488096, z: 23.48809}
  m_Children: []
  m_Father: {fileID: 4000010150637716}
  m_RootOrder: 2
  m_LocalEulerAnglesHint: {x: 0, y: 0, z: 0}
--- !u!4 &4000011735569850
Transform:
  m_ObjectHideFlags: 1
  m_PrefabParentObject: {fileID: 0}
  m_PrefabInternal: {fileID: 100100000}
  m_GameObject: {fileID: 1000013072535592}
  m_LocalRotation: {x: 0.6046653, y: 0.6647182, z: -0.30207053, w: -0.31825}
  m_LocalPosition: {x: 1.1057684, y: 1.792385, z: 0.3665915}
  m_LocalScale: {x: 0.9999999, y: 0.9999999, z: 0.9999999}
  m_Children:
  - {fileID: 4000010228000492}
  m_Father: {fileID: 4000010540479062}
  m_RootOrder: 1
  m_LocalEulerAnglesHint: {x: 0, y: 0, z: 0}
--- !u!4 &4000011901049262
Transform:
  m_ObjectHideFlags: 1
  m_PrefabParentObject: {fileID: 0}
  m_PrefabInternal: {fileID: 100100000}
  m_GameObject: {fileID: 1000012330399356}
  m_LocalRotation: {x: -0.000000052939875, y: 0.000000019557774, z: -0.000000018626451,
    w: 1}
  m_LocalPosition: {x: -0.00000020861626, y: 6.8227825, z: -0.00000046752393}
  m_LocalScale: {x: 1, y: 0.9999999, z: 0.99999994}
  m_Children:
  - {fileID: 4000012526823938}
  m_Father: {fileID: 4000010228000492}
  m_RootOrder: 0
  m_LocalEulerAnglesHint: {x: 0, y: 0, z: 0}
--- !u!4 &4000011950793020
Transform:
  m_ObjectHideFlags: 1
  m_PrefabParentObject: {fileID: 0}
  m_PrefabInternal: {fileID: 100100000}
  m_GameObject: {fileID: 1000011011258886}
  m_LocalRotation: {x: -0.115009725, y: -0.19950983, z: 0.66716003, w: 0.7084251}
  m_LocalPosition: {x: -0.9065707, y: 1.8174665, z: 0.4619517}
  m_LocalScale: {x: 0.9999999, y: 0.99999976, z: 0.9999999}
  m_Children:
  - {fileID: 4000012025108706}
  m_Father: {fileID: 4000010540479062}
  m_RootOrder: 4
  m_LocalEulerAnglesHint: {x: 0, y: 0, z: 0}
--- !u!4 &4000012025108706
Transform:
  m_ObjectHideFlags: 1
  m_PrefabParentObject: {fileID: 0}
  m_PrefabInternal: {fileID: 100100000}
  m_GameObject: {fileID: 1000013866180108}
  m_LocalRotation: {x: -0.24427152, y: 0.042377315, z: 0.04755163, w: 0.96761274}
  m_LocalPosition: {x: -0.036737815, y: 6.293808, z: 0.0016420186}
  m_LocalScale: {x: 0.9999997, y: 0.9999995, z: 0.9999997}
  m_Children:
  - {fileID: 4000010788650290}
  m_Father: {fileID: 4000011950793020}
  m_RootOrder: 0
  m_LocalEulerAnglesHint: {x: 0, y: 0, z: 0}
--- !u!4 &4000012050388518
Transform:
  m_ObjectHideFlags: 1
  m_PrefabParentObject: {fileID: 0}
  m_PrefabInternal: {fileID: 100100000}
  m_GameObject: {fileID: 1000012038329400}
  m_LocalRotation: {x: 0.87754154, y: -0.016196536, z: -0.008843762, w: -0.47914547}
  m_LocalPosition: {x: 0.8363174, y: 0.3918802, z: -0.95083666}
  m_LocalScale: {x: 0.9999997, y: 1, z: 1}
  m_Children:
  - {fileID: 4000014035860398}
  m_Father: {fileID: 4000010540479062}
  m_RootOrder: 0
  m_LocalEulerAnglesHint: {x: 0, y: 0, z: 0}
--- !u!4 &4000012194380276
Transform:
  m_ObjectHideFlags: 1
  m_PrefabParentObject: {fileID: 0}
  m_PrefabInternal: {fileID: 100100000}
  m_GameObject: {fileID: 1000013606002870}
  m_LocalRotation: {x: -0.0945181, y: -0.008271162, z: 0.049399897, w: 0.99426234}
  m_LocalPosition: {x: 0.0000002682209, y: 0.3150675, z: -0.000000044703484}
  m_LocalScale: {x: 0.9999999, y: 0.9999999, z: 0.9999999}
  m_Children:
  - {fileID: 4000010500865428}
  m_Father: {fileID: 4000012532240444}
  m_RootOrder: 0
  m_LocalEulerAnglesHint: {x: 0, y: 0, z: 0}
--- !u!4 &4000012203416092
Transform:
  m_ObjectHideFlags: 1
  m_PrefabParentObject: {fileID: 0}
  m_PrefabInternal: {fileID: 100100000}
  m_GameObject: {fileID: 1000012617001944}
  m_LocalRotation: {x: -0.00000042095795, y: 0.0000050018907, z: -0.00000019452159,
    w: 1}
  m_LocalPosition: {x: 0.000000011186046, y: 0.3064148, z: 0.000000047981302}
  m_LocalScale: {x: 1, y: 0.99999994, z: 0.99999994}
  m_Children:
  - {fileID: 4000013314547910}
  m_Father: {fileID: 4000011023334282}
  m_RootOrder: 0
  m_LocalEulerAnglesHint: {x: 0, y: 0, z: 0}
--- !u!4 &4000012217185956
Transform:
  m_ObjectHideFlags: 1
  m_PrefabParentObject: {fileID: 0}
  m_PrefabInternal: {fileID: 100100000}
  m_GameObject: {fileID: 1000014153342700}
  m_LocalRotation: {x: 0.00000012516102, y: -0.00000003247988, z: 0.000000046682544,
    w: 1}
  m_LocalPosition: {x: -0.0000000055879354, y: 0.40208164, z: 0.00000003288733}
  m_LocalScale: {x: 1, y: 1, z: 1}
  m_Children:
  - {fileID: 4000011294471738}
  m_Father: {fileID: 4000013385385406}
  m_RootOrder: 0
  m_LocalEulerAnglesHint: {x: 0, y: 0, z: 0}
--- !u!4 &4000012348491950
Transform:
  m_ObjectHideFlags: 1
  m_PrefabParentObject: {fileID: 0}
  m_PrefabInternal: {fileID: 100100000}
  m_GameObject: {fileID: 1000010436769992}
  m_LocalRotation: {x: 0.1405947, y: 0.7828619, z: -0.5971529, w: 0.10377359}
  m_LocalPosition: {x: -0.0000000037252903, y: 1.0942097, z: 0.00000008771531}
  m_LocalScale: {x: 0.9999998, y: 0.99999994, z: 0.99999964}
  m_Children:
  - {fileID: 4000011023334282}
  m_Father: {fileID: 4000012971580180}
  m_RootOrder: 1
  m_LocalEulerAnglesHint: {x: 0, y: 0, z: 0}
--- !u!4 &4000012526823938
Transform:
  m_ObjectHideFlags: 1
  m_PrefabParentObject: {fileID: 0}
  m_PrefabInternal: {fileID: 100100000}
  m_GameObject: {fileID: 1000010143677852}
  m_LocalRotation: {x: 0, y: -0, z: -0, w: 1}
  m_LocalPosition: {x: -0, y: 6.8227787, z: 0}
  m_LocalScale: {x: 1, y: 1, z: 1}
  m_Children: []
  m_Father: {fileID: 4000011901049262}
  m_RootOrder: 0
  m_LocalEulerAnglesHint: {x: 0, y: 0, z: 0}
--- !u!4 &4000012532240444
Transform:
  m_ObjectHideFlags: 1
  m_PrefabParentObject: {fileID: 0}
  m_PrefabInternal: {fileID: 100100000}
  m_GameObject: {fileID: 1000010690505436}
  m_LocalRotation: {x: -0.10159105, y: 0.80554676, z: -0.579991, w: -0.06621308}
  m_LocalPosition: {x: -0.000000006519258, y: 1.0942092, z: -0.000000020154403}
  m_LocalScale: {x: 1.0000002, y: 1.0000001, z: 1.0000001}
  m_Children:
  - {fileID: 4000012194380276}
  m_Father: {fileID: 4000014035860398}
  m_RootOrder: 1
  m_LocalEulerAnglesHint: {x: 0, y: 0, z: 0}
--- !u!4 &4000012689218366
Transform:
  m_ObjectHideFlags: 1
  m_PrefabParentObject: {fileID: 0}
  m_PrefabInternal: {fileID: 100100000}
  m_GameObject: {fileID: 1000013298298184}
  m_LocalRotation: {x: -0.0000000011641533, y: 0.00000009522773, z: 0.000000016596461,
    w: 1}
  m_LocalPosition: {x: -0.00000013411045, y: 4.525531, z: -0.000000004656613}
  m_LocalScale: {x: 0.99999994, y: 0.99999994, z: 1}
  m_Children:
  - {fileID: 4000014072463396}
  m_Father: {fileID: 4000010934653700}
  m_RootOrder: 0
  m_LocalEulerAnglesHint: {x: 0, y: 0, z: 0}
--- !u!4 &4000012768627700
Transform:
  m_ObjectHideFlags: 1
  m_PrefabParentObject: {fileID: 0}
  m_PrefabInternal: {fileID: 100100000}
  m_GameObject: {fileID: 1000012407144458}
  m_LocalRotation: {x: 0.00000040716264, y: -0.000000303844, z: 0.00000038836154,
    w: 1}
  m_LocalPosition: {x: 0.00000029616058, y: 0.40560693, z: -0.000000034458935}
  m_LocalScale: {x: 1, y: 0.9999999, z: 0.99999994}
  m_Children:
  - {fileID: 4000013297562212}
  m_Father: {fileID: 4000013025906058}
  m_RootOrder: 0
  m_LocalEulerAnglesHint: {x: 0, y: 0, z: 0}
--- !u!4 &4000012791643342
Transform:
  m_ObjectHideFlags: 1
  m_PrefabParentObject: {fileID: 0}
  m_PrefabInternal: {fileID: 100100000}
  m_GameObject: {fileID: 1000013037198534}
  m_LocalRotation: {x: 3.492459e-10, y: -0.00000011280646, z: 0.000000011979864, w: 1}
  m_LocalPosition: {x: -0.00000006891787, y: 4.604882, z: 0.0000001899898}
  m_LocalScale: {x: 0.99999994, y: 1, z: 0.99999994}
  m_Children:
  - {fileID: 4000013574723208}
  m_Father: {fileID: 4000010063173370}
  m_RootOrder: 0
  m_LocalEulerAnglesHint: {x: 0, y: 0, z: 0}
--- !u!4 &4000012971580180
Transform:
  m_ObjectHideFlags: 1
  m_PrefabParentObject: {fileID: 0}
  m_PrefabInternal: {fileID: 100100000}
  m_GameObject: {fileID: 1000012714593674}
  m_LocalRotation: {x: -0.034707636, y: 0.00076844194, z: -0.013303793, w: 0.9993087}
  m_LocalPosition: {x: 0.000000040978193, y: 1.5051556, z: -0.000000239041}
  m_LocalScale: {x: 0.99999976, y: 0.9999998, z: 0.9999996}
  m_Children:
  - {fileID: 4000013254066260}
  - {fileID: 4000012348491950}
  m_Father: {fileID: 4000011169598846}
  m_RootOrder: 0
  m_LocalEulerAnglesHint: {x: 0, y: 0, z: 0}
--- !u!4 &4000013025906058
Transform:
  m_ObjectHideFlags: 1
  m_PrefabParentObject: {fileID: 0}
  m_PrefabInternal: {fileID: 100100000}
  m_GameObject: {fileID: 1000012693232664}
  m_LocalRotation: {x: -0.16817257, y: -0.040116396, z: 0.024486803, w: 0.98463655}
  m_LocalPosition: {x: 0.00000014156103, y: 0.4259104, z: 0.000000040978193}
  m_LocalScale: {x: 0.9999999, y: 1.0000001, z: 0.9999997}
  m_Children:
  - {fileID: 4000012768627700}
  m_Father: {fileID: 4000013904474264}
  m_RootOrder: 0
  m_LocalEulerAnglesHint: {x: 0, y: 0, z: 0}
--- !u!4 &4000013212236804
Transform:
  m_ObjectHideFlags: 1
  m_PrefabParentObject: {fileID: 0}
  m_PrefabInternal: {fileID: 100100000}
  m_GameObject: {fileID: 1000011362180072}
  m_LocalRotation: {x: -0.14208052, y: -0.00077802315, z: -0.010998353, w: 0.9897937}
  m_LocalPosition: {x: -0, y: 1.2495335, z: 0.00000011920929}
  m_LocalScale: {x: 0.99999976, y: 0.9999999, z: 1}
  m_Children:
  - {fileID: 4000013415636724}
  m_Father: {fileID: 4000011435406228}
  m_RootOrder: 0
  m_LocalEulerAnglesHint: {x: 0, y: 0, z: 0}
--- !u!4 &4000013254066260
Transform:
  m_ObjectHideFlags: 1
  m_PrefabParentObject: {fileID: 0}
  m_PrefabInternal: {fileID: 100100000}
  m_GameObject: {fileID: 1000013927651660}
  m_LocalRotation: {x: 0.57311344, y: -0.06422563, z: 0.09705919, w: 0.81116927}
  m_LocalPosition: {x: -0.0000000037252903, y: 1.0942097, z: 0.00000008771531}
  m_LocalScale: {x: 0.9999996, y: 0.9999997, z: 0.99999946}
  m_Children:
  - {fileID: 4000013385385406}
  m_Father: {fileID: 4000012971580180}
  m_RootOrder: 0
  m_LocalEulerAnglesHint: {x: 0, y: 0, z: 0}
--- !u!4 &4000013297562212
Transform:
  m_ObjectHideFlags: 1
  m_PrefabParentObject: {fileID: 0}
  m_PrefabInternal: {fileID: 100100000}
  m_GameObject: {fileID: 1000010012137816}
  m_LocalRotation: {x: 0, y: -0, z: -0, w: 1}
  m_LocalPosition: {x: -0, y: 0.4056067, z: 0}
  m_LocalScale: {x: 1, y: 1, z: 1}
  m_Children: []
  m_Father: {fileID: 4000012768627700}
  m_RootOrder: 0
  m_LocalEulerAnglesHint: {x: 0, y: 0, z: 0}
--- !u!4 &4000013314547910
Transform:
  m_ObjectHideFlags: 1
  m_PrefabParentObject: {fileID: 0}
  m_PrefabInternal: {fileID: 100100000}
  m_GameObject: {fileID: 1000013112656346}
  m_LocalRotation: {x: 0, y: -0, z: -0, w: 1}
  m_LocalPosition: {x: -0, y: 0.306415, z: 0}
  m_LocalScale: {x: 1, y: 1, z: 1}
  m_Children: []
  m_Father: {fileID: 4000012203416092}
  m_RootOrder: 0
  m_LocalEulerAnglesHint: {x: 0, y: 0, z: 0}
--- !u!4 &4000013385385406
Transform:
  m_ObjectHideFlags: 1
  m_PrefabParentObject: {fileID: 0}
  m_PrefabInternal: {fileID: 100100000}
  m_GameObject: {fileID: 1000012474780408}
  m_LocalRotation: {x: -0.16803029, y: 0.024482349, z: -0.061112605, w: 0.98358107}
  m_LocalPosition: {x: -0.000000016763806, y: 0.4266487, z: 0.000000017695129}
  m_LocalScale: {x: 0.9999999, y: 0.9999998, z: 0.99999976}
  m_Children:
  - {fileID: 4000012217185956}
  m_Father: {fileID: 4000013254066260}
  m_RootOrder: 0
  m_LocalEulerAnglesHint: {x: 0, y: 0, z: 0}
--- !u!4 &4000013415636724
Transform:
  m_ObjectHideFlags: 1
  m_PrefabParentObject: {fileID: 0}
  m_PrefabInternal: {fileID: 100100000}
  m_GameObject: {fileID: 1000013851015772}
  m_LocalRotation: {x: -0.051923886, y: -0.021927023, z: 0.0035392633, w: 0.998404}
  m_LocalPosition: {x: -0.015431566, y: 0.7342502, z: -0.4548634}
  m_LocalScale: {x: 0.9999999, y: 1, z: 0.9999998}
  m_Children:
  - {fileID: 4000013756926126}
  m_Father: {fileID: 4000013212236804}
  m_RootOrder: 0
  m_LocalEulerAnglesHint: {x: 0, y: 0, z: 0}
--- !u!4 &4000013536454866
Transform:
  m_ObjectHideFlags: 1
  m_PrefabParentObject: {fileID: 0}
  m_PrefabInternal: {fileID: 100100000}
  m_GameObject: {fileID: 1000013480163646}
  m_LocalRotation: {x: 0.00000015731165, y: -0.00051520066, z: -0.000000021354188,
    w: 0.9999999}
  m_LocalPosition: {x: -0.15656966, y: 4.097794, z: 1.3524595}
  m_LocalScale: {x: 23.488096, y: 23.488096, z: 23.488092}
  m_Children: []
  m_Father: {fileID: 4000010150637716}
  m_RootOrder: 0
  m_LocalEulerAnglesHint: {x: 0, y: 0, z: 0}
--- !u!4 &4000013574723208
Transform:
  m_ObjectHideFlags: 1
  m_PrefabParentObject: {fileID: 0}
  m_PrefabInternal: {fileID: 100100000}
  m_GameObject: {fileID: 1000012512238870}
  m_LocalRotation: {x: 0, y: -0, z: -0, w: 1}
  m_LocalPosition: {x: -0, y: 4.604882, z: 0}
  m_LocalScale: {x: 1, y: 1, z: 1}
  m_Children: []
  m_Father: {fileID: 4000012791643342}
  m_RootOrder: 0
  m_LocalEulerAnglesHint: {x: 0, y: 0, z: 0}
--- !u!4 &4000013756926126
Transform:
  m_ObjectHideFlags: 1
  m_PrefabParentObject: {fileID: 0}
  m_PrefabInternal: {fileID: 100100000}
  m_GameObject: {fileID: 1000013838975940}
  m_LocalRotation: {x: 0.000000011117663, y: -0.0000000010186341, z: -5.820766e-10,
    w: 1}
  m_LocalPosition: {x: 0.0000001899898, y: 0.7980452, z: 0.000000070780516}
  m_LocalScale: {x: 1, y: 1, z: 1}
  m_Children:
  - {fileID: 4000014109990300}
  m_Father: {fileID: 4000013415636724}
  m_RootOrder: 0
  m_LocalEulerAnglesHint: {x: 0, y: 0, z: 0}
--- !u!4 &4000013904474264
Transform:
  m_ObjectHideFlags: 1
  m_PrefabParentObject: {fileID: 0}
  m_PrefabInternal: {fileID: 100100000}
  m_GameObject: {fileID: 1000010026181586}
  m_LocalRotation: {x: 0.57567066, y: 0.07023526, z: -0.09261948, w: 0.8093775}
  m_LocalPosition: {x: -0.000000006519258, y: 1.0942092, z: -0.000000020154403}
  m_LocalScale: {x: 0.99999976, y: 1, z: 1.0000002}
  m_Children:
  - {fileID: 4000013025906058}
  m_Father: {fileID: 4000014035860398}
  m_RootOrder: 0
  m_LocalEulerAnglesHint: {x: 0, y: 0, z: 0}
--- !u!4 &4000014035860398
Transform:
  m_ObjectHideFlags: 1
  m_PrefabParentObject: {fileID: 0}
  m_PrefabInternal: {fileID: 100100000}
  m_GameObject: {fileID: 1000013086254460}
  m_LocalRotation: {x: -0.03470771, y: 0.0007684233, z: -0.013303774, w: 0.9993087}
  m_LocalPosition: {x: -0.00000022351742, y: 1.5051559, z: -0.000000029935222}
  m_LocalScale: {x: 0.99999964, y: 0.9999999, z: 0.9999997}
  m_Children:
  - {fileID: 4000013904474264}
  - {fileID: 4000012532240444}
  m_Father: {fileID: 4000012050388518}
  m_RootOrder: 0
  m_LocalEulerAnglesHint: {x: 0, y: 0, z: 0}
--- !u!4 &4000014072463396
Transform:
  m_ObjectHideFlags: 1
  m_PrefabParentObject: {fileID: 0}
  m_PrefabInternal: {fileID: 100100000}
  m_GameObject: {fileID: 1000012087563366}
  m_LocalRotation: {x: 0, y: -0, z: -0, w: 1}
  m_LocalPosition: {x: -0, y: 4.5255322, z: 0}
  m_LocalScale: {x: 1, y: 1, z: 1}
  m_Children: []
  m_Father: {fileID: 4000012689218366}
  m_RootOrder: 0
  m_LocalEulerAnglesHint: {x: 0, y: 0, z: 0}
--- !u!4 &4000014096229340
Transform:
  m_ObjectHideFlags: 1
  m_PrefabParentObject: {fileID: 0}
  m_PrefabInternal: {fileID: 100100000}
  m_GameObject: {fileID: 1000012277348906}
  m_LocalRotation: {x: 0, y: -0, z: -0, w: 1}
  m_LocalPosition: {x: -0, y: 6.1229353, z: 0}
  m_LocalScale: {x: 1, y: 1, z: 1}
  m_Children: []
  m_Father: {fileID: 4000010788650290}
  m_RootOrder: 0
  m_LocalEulerAnglesHint: {x: 0, y: 0, z: 0}
--- !u!4 &4000014109990300
Transform:
  m_ObjectHideFlags: 1
  m_PrefabParentObject: {fileID: 0}
  m_PrefabInternal: {fileID: 100100000}
  m_GameObject: {fileID: 1000011037788492}
  m_LocalRotation: {x: 0, y: -0, z: -0, w: 1}
  m_LocalPosition: {x: -0, y: 0.79804593, z: 0}
  m_LocalScale: {x: 1, y: 1, z: 1}
  m_Children: []
  m_Father: {fileID: 4000013756926126}
  m_RootOrder: 0
  m_LocalEulerAnglesHint: {x: 0, y: 0, z: 0}
--- !u!111 &111000013493133148
Animation:
  m_ObjectHideFlags: 1
  m_PrefabParentObject: {fileID: 0}
  m_PrefabInternal: {fileID: 100100000}
  m_GameObject: {fileID: 1000011896196880}
  m_Enabled: 1
  serializedVersion: 3
  m_Animation: {fileID: 7400012, guid: 9bb72cedd77857f47bc222ee990b6868, type: 3}
  m_Animations:
  - {fileID: 7400000, guid: 9bb72cedd77857f47bc222ee990b6868, type: 3}
  - {fileID: 7400002, guid: 9bb72cedd77857f47bc222ee990b6868, type: 3}
  - {fileID: 7400004, guid: 9bb72cedd77857f47bc222ee990b6868, type: 3}
  - {fileID: 7400006, guid: 9bb72cedd77857f47bc222ee990b6868, type: 3}
  - {fileID: 7400008, guid: 9bb72cedd77857f47bc222ee990b6868, type: 3}
  - {fileID: 7400010, guid: 9bb72cedd77857f47bc222ee990b6868, type: 3}
  - {fileID: 7400012, guid: 9bb72cedd77857f47bc222ee990b6868, type: 3}
  - {fileID: 7400014, guid: 9bb72cedd77857f47bc222ee990b6868, type: 3}
  - {fileID: 7400016, guid: 9bb72cedd77857f47bc222ee990b6868, type: 3}
  m_WrapMode: 0
  m_PlayAutomatically: 1
  m_AnimatePhysics: 0
  m_CullingType: 1
--- !u!137 &137000011411270218
SkinnedMeshRenderer:
  m_ObjectHideFlags: 1
  m_PrefabParentObject: {fileID: 0}
  m_PrefabInternal: {fileID: 100100000}
  m_GameObject: {fileID: 1000010824464222}
  m_Enabled: 1
  m_CastShadows: 1
  m_ReceiveShadows: 1
  m_DynamicOccludee: 1
  m_MotionVectors: 1
  m_LightProbeUsage: 1
  m_ReflectionProbeUsage: 1
  m_Materials:
  - {fileID: 2100000, guid: 27e220dc807569f43b62b0fa2f8cb7ee, type: 2}
  m_StaticBatchInfo:
    firstSubMesh: 0
    subMeshCount: 0
  m_StaticBatchRoot: {fileID: 0}
  m_ProbeAnchor: {fileID: 0}
  m_LightProbeVolumeOverride: {fileID: 0}
  m_ScaleInLightmap: 1
  m_PreserveUVs: 0
  m_IgnoreNormalsForChartDetection: 0
  m_ImportantGI: 0
  m_StitchLightmapSeams: 0
  m_SelectedEditorRenderState: 3
  m_MinimumChartSize: 4
  m_AutoUVMaxDistance: 0.5
  m_AutoUVMaxAngle: 89
  m_LightmapParameters: {fileID: 0}
  m_SortingLayerID: 0
  m_SortingLayer: 0
  m_SortingOrder: 0
  serializedVersion: 2
  m_Quality: 0
  m_UpdateWhenOffscreen: 1
  m_SkinnedMotionVectors: 1
  m_Mesh: {fileID: 4300004, guid: 9bb72cedd77857f47bc222ee990b6868, type: 3}
  m_Bones:
  - {fileID: 4000010540479062}
  - {fileID: 4000011435406228}
  - {fileID: 4000013212236804}
  - {fileID: 4000013415636724}
  - {fileID: 4000013756926126}
  - {fileID: 4000010063173370}
  - {fileID: 4000012791643342}
  - {fileID: 4000010934653700}
  - {fileID: 4000012689218366}
  - {fileID: 4000011169598846}
  - {fileID: 4000012971580180}
  - {fileID: 4000013254066260}
  - {fileID: 4000013385385406}
  - {fileID: 4000012217185956}
  - {fileID: 4000012348491950}
  - {fileID: 4000011023334282}
  - {fileID: 4000012203416092}
  - {fileID: 4000012050388518}
  - {fileID: 4000014035860398}
  - {fileID: 4000013904474264}
  - {fileID: 4000013025906058}
  - {fileID: 4000012768627700}
  - {fileID: 4000012532240444}
  - {fileID: 4000012194380276}
  - {fileID: 4000010500865428}
  - {fileID: 4000011735569850}
  - {fileID: 4000010228000492}
  - {fileID: 4000011901049262}
  - {fileID: 4000011950793020}
  - {fileID: 4000012025108706}
  - {fileID: 4000010788650290}
  m_BlendShapeWeights: []
  m_RootBone: {fileID: 4000010540479062}
  m_AABB:
    m_Center: {x: -0.0062274933, y: 0.86448765, z: 0.59710884}
    m_Extent: {x: 15.880112, y: 14.028134, z: 14.863483}
  m_DirtyAABB: 0
--- !u!137 &137000013940179922
SkinnedMeshRenderer:
  m_ObjectHideFlags: 1
  m_PrefabParentObject: {fileID: 0}
  m_PrefabInternal: {fileID: 100100000}
  m_GameObject: {fileID: 1000013480163646}
  m_Enabled: 1
  m_CastShadows: 1
  m_ReceiveShadows: 1
  m_DynamicOccludee: 1
  m_MotionVectors: 1
  m_LightProbeUsage: 1
  m_ReflectionProbeUsage: 1
  m_Materials:
  - {fileID: 2100000, guid: 27e220dc807569f43b62b0fa2f8cb7ee, type: 2}
  m_StaticBatchInfo:
    firstSubMesh: 0
    subMeshCount: 0
  m_StaticBatchRoot: {fileID: 0}
  m_ProbeAnchor: {fileID: 0}
  m_LightProbeVolumeOverride: {fileID: 0}
  m_ScaleInLightmap: 1
  m_PreserveUVs: 0
  m_IgnoreNormalsForChartDetection: 0
  m_ImportantGI: 0
  m_StitchLightmapSeams: 0
  m_SelectedEditorRenderState: 3
  m_MinimumChartSize: 4
  m_AutoUVMaxDistance: 0.5
  m_AutoUVMaxAngle: 89
  m_LightmapParameters: {fileID: 0}
  m_SortingLayerID: 0
  m_SortingLayer: 0
  m_SortingOrder: 0
  serializedVersion: 2
  m_Quality: 0
  m_UpdateWhenOffscreen: 1
  m_SkinnedMotionVectors: 1
  m_Mesh: {fileID: 4300000, guid: 9bb72cedd77857f47bc222ee990b6868, type: 3}
  m_Bones:
  - {fileID: 4000010540479062}
  - {fileID: 4000011435406228}
  - {fileID: 4000013212236804}
  - {fileID: 4000013415636724}
  - {fileID: 4000013756926126}
  - {fileID: 4000010063173370}
  - {fileID: 4000012791643342}
  - {fileID: 4000010934653700}
  - {fileID: 4000012689218366}
  - {fileID: 4000011169598846}
  - {fileID: 4000012971580180}
  - {fileID: 4000013254066260}
  - {fileID: 4000013385385406}
  - {fileID: 4000012217185956}
  - {fileID: 4000012348491950}
  - {fileID: 4000011023334282}
  - {fileID: 4000012203416092}
  - {fileID: 4000012050388518}
  - {fileID: 4000014035860398}
  - {fileID: 4000013904474264}
  - {fileID: 4000013025906058}
  - {fileID: 4000012768627700}
  - {fileID: 4000012532240444}
  - {fileID: 4000012194380276}
  - {fileID: 4000010500865428}
  - {fileID: 4000011735569850}
  - {fileID: 4000010228000492}
  - {fileID: 4000011901049262}
  - {fileID: 4000011950793020}
  - {fileID: 4000012025108706}
  - {fileID: 4000010788650290}
  m_BlendShapeWeights: []
  m_RootBone: {fileID: 4000010540479062}
  m_AABB:
    m_Center: {x: -0.001481533, y: 0.8964915, z: 0.59658957}
    m_Extent: {x: 15.645082, y: 13.823656, z: 14.627605}
  m_DirtyAABB: 0
--- !u!137 &137000014283826238
SkinnedMeshRenderer:
  m_ObjectHideFlags: 1
  m_PrefabParentObject: {fileID: 0}
  m_PrefabInternal: {fileID: 100100000}
  m_GameObject: {fileID: 1000011778808026}
  m_Enabled: 1
  m_CastShadows: 1
  m_ReceiveShadows: 1
  m_DynamicOccludee: 1
  m_MotionVectors: 1
  m_LightProbeUsage: 1
  m_ReflectionProbeUsage: 1
  m_Materials:
  - {fileID: 2100000, guid: 27e220dc807569f43b62b0fa2f8cb7ee, type: 2}
  m_StaticBatchInfo:
    firstSubMesh: 0
    subMeshCount: 0
  m_StaticBatchRoot: {fileID: 0}
  m_ProbeAnchor: {fileID: 0}
  m_LightProbeVolumeOverride: {fileID: 0}
  m_ScaleInLightmap: 1
  m_PreserveUVs: 0
  m_IgnoreNormalsForChartDetection: 0
  m_ImportantGI: 0
  m_StitchLightmapSeams: 0
  m_SelectedEditorRenderState: 3
  m_MinimumChartSize: 4
  m_AutoUVMaxDistance: 0.5
  m_AutoUVMaxAngle: 89
  m_LightmapParameters: {fileID: 0}
  m_SortingLayerID: 0
  m_SortingLayer: 0
  m_SortingOrder: 0
  serializedVersion: 2
  m_Quality: 0
  m_UpdateWhenOffscreen: 1
  m_SkinnedMotionVectors: 1
  m_Mesh: {fileID: 4300002, guid: 9bb72cedd77857f47bc222ee990b6868, type: 3}
  m_Bones:
  - {fileID: 4000010540479062}
  - {fileID: 4000011435406228}
  - {fileID: 4000013212236804}
  - {fileID: 4000013415636724}
  - {fileID: 4000013756926126}
  - {fileID: 4000010063173370}
  - {fileID: 4000012791643342}
  - {fileID: 4000010934653700}
  - {fileID: 4000012689218366}
  - {fileID: 4000011169598846}
  - {fileID: 4000012971580180}
  - {fileID: 4000013254066260}
  - {fileID: 4000013385385406}
  - {fileID: 4000012217185956}
  - {fileID: 4000012348491950}
  - {fileID: 4000011023334282}
  - {fileID: 4000012203416092}
  - {fileID: 4000012050388518}
  - {fileID: 4000014035860398}
  - {fileID: 4000013904474264}
  - {fileID: 4000013025906058}
  - {fileID: 4000012768627700}
  - {fileID: 4000012532240444}
  - {fileID: 4000012194380276}
  - {fileID: 4000010500865428}
  - {fileID: 4000011735569850}
  - {fileID: 4000010228000492}
  - {fileID: 4000011901049262}
  - {fileID: 4000011950793020}
  - {fileID: 4000012025108706}
  - {fileID: 4000010788650290}
  m_BlendShapeWeights: []
  m_RootBone: {fileID: 4000010540479062}
  m_AABB:
    m_Center: {x: -0.001475811, y: 0.893877, z: 0.59623003}
    m_Extent: {x: 15.675632, y: 13.851337, z: 14.658243}
  m_DirtyAABB: 0
--- !u!205 &205000014248619450
LODGroup:
  m_ObjectHideFlags: 1
  m_PrefabParentObject: {fileID: 0}
  m_PrefabInternal: {fileID: 100100000}
  m_GameObject: {fileID: 1000011896196880}
  serializedVersion: 2
  m_LocalReferencePoint: {x: 0.89087296, y: 2.5442147, z: -1.0197487}
  m_Size: 22.120955
  m_FadeMode: 0
  m_AnimateCrossFading: 0
  m_LODs:
  - screenRelativeHeight: 0.6
    fadeTransitionWidth: 0
    renderers:
    - renderer: {fileID: 137000013940179922}
  - screenRelativeHeight: 0.3
    fadeTransitionWidth: 0
    renderers:
    - renderer: {fileID: 137000014283826238}
  - screenRelativeHeight: 0.05413857
    fadeTransitionWidth: 0
    renderers:
    - renderer: {fileID: 137000011411270218}
  m_Enabled: 1
