%YAML 1.1
%TAG !u! tag:unity3d.com,2011:
--- !u!1001 &100100000
Prefab:
  m_ObjectHideFlags: 1
  serializedVersion: 2
  m_Modification:
    m_TransformParent: {fileID: 0}
    m_Modifications: []
    m_RemovedComponents: []
  m_ParentPrefab: {fileID: 0}
  m_RootGameObject: {fileID: 1000010812260046}
  m_IsPrefabParent: 1
--- !u!1 &1000010075694610
GameObject:
  m_ObjectHideFlags: 1
  m_PrefabParentObject: {fileID: 0}
  m_PrefabInternal: {fileID: 100100000}
  serializedVersion: 5
  m_Component:
  - component: {fileID: 4000010507192888}
  m_Layer: 0
  m_Name: RightLeght2
  m_TagString: Untagged
  m_Icon: {fileID: 0}
  m_NavMeshLayer: 0
  m_StaticEditorFlags: 0
  m_IsActive: 1
--- !u!1 &1000010188915944
GameObject:
  m_ObjectHideFlags: 1
  m_PrefabParentObject: {fileID: 0}
  m_PrefabInternal: {fileID: 100100000}
  serializedVersion: 5
  m_Component:
  - component: {fileID: 4000012649479792}
  m_Layer: 0
  m_Name: LeftLeght1
  m_TagString: Untagged
  m_Icon: {fileID: 0}
  m_NavMeshLayer: 0
  m_StaticEditorFlags: 0
  m_IsActive: 1
--- !u!1 &1000010364789856
GameObject:
  m_ObjectHideFlags: 1
  m_PrefabParentObject: {fileID: 0}
  m_PrefabInternal: {fileID: 100100000}
  serializedVersion: 5
  m_Component:
  - component: {fileID: 4000010607192222}
  m_Layer: 0
  m_Name: PosterRightpaw
  m_TagString: Untagged
  m_Icon: {fileID: 0}
  m_NavMeshLayer: 0
  m_StaticEditorFlags: 0
  m_IsActive: 1
--- !u!1 &1000010553946960
GameObject:
  m_ObjectHideFlags: 1
  m_PrefabParentObject: {fileID: 0}
  m_PrefabInternal: {fileID: 100100000}
  serializedVersion: 5
  m_Component:
  - component: {fileID: 4000012487815152}
  m_Layer: 0
  m_Name: RightLeght1
  m_TagString: Untagged
  m_Icon: {fileID: 0}
  m_NavMeshLayer: 0
  m_StaticEditorFlags: 0
  m_IsActive: 1
--- !u!1 &1000010765329634
GameObject:
  m_ObjectHideFlags: 1
  m_PrefabParentObject: {fileID: 0}
  m_PrefabInternal: {fileID: 100100000}
  serializedVersion: 5
  m_Component:
  - component: {fileID: 4000011744743598}
  m_Layer: 0
  m_Name: EarsRight_end_end
  m_TagString: Untagged
  m_Icon: {fileID: 0}
  m_NavMeshLayer: 0
  m_StaticEditorFlags: 0
  m_IsActive: 1
--- !u!1 &1000010781444886
GameObject:
  m_ObjectHideFlags: 1
  m_PrefabParentObject: {fileID: 0}
  m_PrefabInternal: {fileID: 100100000}
  serializedVersion: 5
  m_Component:
  - component: {fileID: 4000014082150476}
  m_Layer: 0
  m_Name: nek
  m_TagString: Untagged
  m_Icon: {fileID: 0}
  m_NavMeshLayer: 0
  m_StaticEditorFlags: 0
  m_IsActive: 1
--- !u!1 &1000010812260046
GameObject:
  m_ObjectHideFlags: 0
  m_PrefabParentObject: {fileID: 0}
  m_PrefabInternal: {fileID: 100100000}
  serializedVersion: 5
  m_Component:
  - component: {fileID: 4000011293857474}
  - component: {fileID: 111000014004463936}
  - component: {fileID: 205000012668940132}
  m_Layer: 0
  m_Name: 'RabbitColor3S '
  m_TagString: Untagged
  m_Icon: {fileID: 0}
  m_NavMeshLayer: 0
  m_StaticEditorFlags: 0
  m_IsActive: 1
--- !u!1 &1000011192116556
GameObject:
  m_ObjectHideFlags: 1
  m_PrefabParentObject: {fileID: 0}
  m_PrefabInternal: {fileID: 100100000}
  serializedVersion: 5
  m_Component:
  - component: {fileID: 4000010427941868}
  m_Layer: 0
  m_Name: LeftRightLeght1
  m_TagString: Untagged
  m_Icon: {fileID: 0}
  m_NavMeshLayer: 0
  m_StaticEditorFlags: 0
  m_IsActive: 1
--- !u!1 &1000011209267288
GameObject:
  m_ObjectHideFlags: 1
  m_PrefabParentObject: {fileID: 0}
  m_PrefabInternal: {fileID: 100100000}
  serializedVersion: 5
  m_Component:
  - component: {fileID: 4000011051617274}
  m_Layer: 0
  m_Name: EarsLeft_end
  m_TagString: Untagged
  m_Icon: {fileID: 0}
  m_NavMeshLayer: 0
  m_StaticEditorFlags: 0
  m_IsActive: 1
--- !u!1 &1000011377055358
GameObject:
  m_ObjectHideFlags: 1
  m_PrefabParentObject: {fileID: 0}
  m_PrefabInternal: {fileID: 100100000}
  serializedVersion: 5
  m_Component:
  - component: {fileID: 4000013669055968}
  m_Layer: 0
  m_Name: EarsRight_end
  m_TagString: Untagged
  m_Icon: {fileID: 0}
  m_NavMeshLayer: 0
  m_StaticEditorFlags: 0
  m_IsActive: 1
--- !u!1 &1000011416244058
GameObject:
  m_ObjectHideFlags: 1
  m_PrefabParentObject: {fileID: 0}
  m_PrefabInternal: {fileID: 100100000}
  serializedVersion: 5
  m_Component:
  - component: {fileID: 4000010078536098}
  m_Layer: 0
  m_Name: Rightpaw
  m_TagString: Untagged
  m_Icon: {fileID: 0}
  m_NavMeshLayer: 0
  m_StaticEditorFlags: 0
  m_IsActive: 1
--- !u!1 &1000011570956598
GameObject:
  m_ObjectHideFlags: 1
  m_PrefabParentObject: {fileID: 0}
  m_PrefabInternal: {fileID: 100100000}
  serializedVersion: 5
  m_Component:
  - component: {fileID: 4000010425821464}
  m_Layer: 0
  m_Name: PosterLeftpaw2_end
  m_TagString: Untagged
  m_Icon: {fileID: 0}
  m_NavMeshLayer: 0
  m_StaticEditorFlags: 0
  m_IsActive: 1
--- !u!1 &1000011581282378
GameObject:
  m_ObjectHideFlags: 1
  m_PrefabParentObject: {fileID: 0}
  m_PrefabInternal: {fileID: 100100000}
  serializedVersion: 5
  m_Component:
  - component: {fileID: 4000010682525458}
  m_Layer: 0
  m_Name: EarsRight
  m_TagString: Untagged
  m_Icon: {fileID: 0}
  m_NavMeshLayer: 0
  m_StaticEditorFlags: 0
  m_IsActive: 1
--- !u!1 &1000011796664098
GameObject:
  m_ObjectHideFlags: 0
  m_PrefabParentObject: {fileID: 0}
  m_PrefabInternal: {fileID: 100100000}
  serializedVersion: 5
  m_Component:
  - component: {fileID: 4000011166483388}
  - component: {fileID: 137000012728086986}
  m_Layer: 0
  m_Name: Rabbit
  m_TagString: Untagged
  m_Icon: {fileID: 0}
  m_NavMeshLayer: 0
  m_StaticEditorFlags: 0
  m_IsActive: 1
--- !u!1 &1000011950311438
GameObject:
  m_ObjectHideFlags: 0
  m_PrefabParentObject: {fileID: 0}
  m_PrefabInternal: {fileID: 100100000}
  serializedVersion: 5
  m_Component:
  - component: {fileID: 4000011759833536}
  - component: {fileID: 137000013560661404}
  m_Layer: 0
  m_Name: RabbitLOD1
  m_TagString: Untagged
  m_Icon: {fileID: 0}
  m_NavMeshLayer: 0
  m_StaticEditorFlags: 0
  m_IsActive: 1
--- !u!1 &1000011964144242
GameObject:
  m_ObjectHideFlags: 1
  m_PrefabParentObject: {fileID: 0}
  m_PrefabInternal: {fileID: 100100000}
  serializedVersion: 5
  m_Component:
  - component: {fileID: 4000010882530708}
  m_Layer: 0
  m_Name: Rightpaw_end
  m_TagString: Untagged
  m_Icon: {fileID: 0}
  m_NavMeshLayer: 0
  m_StaticEditorFlags: 0
  m_IsActive: 1
--- !u!1 &1000012117032758
GameObject:
  m_ObjectHideFlags: 0
  m_PrefabParentObject: {fileID: 0}
  m_PrefabInternal: {fileID: 100100000}
  serializedVersion: 5
  m_Component:
  - component: {fileID: 4000010803460478}
  m_Layer: 0
  m_Name: RabbitSkeleton
  m_TagString: Untagged
  m_Icon: {fileID: 0}
  m_NavMeshLayer: 0
  m_StaticEditorFlags: 0
  m_IsActive: 1
--- !u!1 &1000012143112762
GameObject:
  m_ObjectHideFlags: 1
  m_PrefabParentObject: {fileID: 0}
  m_PrefabInternal: {fileID: 100100000}
  serializedVersion: 5
  m_Component:
  - component: {fileID: 4000010582346656}
  m_Layer: 0
  m_Name: Rightpaw_end_end
  m_TagString: Untagged
  m_Icon: {fileID: 0}
  m_NavMeshLayer: 0
  m_StaticEditorFlags: 0
  m_IsActive: 1
--- !u!1 &1000012294255550
GameObject:
  m_ObjectHideFlags: 0
  m_PrefabParentObject: {fileID: 0}
  m_PrefabInternal: {fileID: 100100000}
  serializedVersion: 5
  m_Component:
  - component: {fileID: 4000010228564904}
  - component: {fileID: 137000013837987926}
  m_Layer: 0
  m_Name: RabbitLOD2
  m_TagString: Untagged
  m_Icon: {fileID: 0}
  m_NavMeshLayer: 0
  m_StaticEditorFlags: 0
  m_IsActive: 1
--- !u!1 &1000012299057786
GameObject:
  m_ObjectHideFlags: 0
  m_PrefabParentObject: {fileID: 0}
  m_PrefabInternal: {fileID: 100100000}
  serializedVersion: 5
  m_Component:
  - component: {fileID: 4000012494817750}
  - component: {fileID: 137000011568071514}
  m_Layer: 0
  m_Name: RabbitLOD3
  m_TagString: Untagged
  m_Icon: {fileID: 0}
  m_NavMeshLayer: 0
  m_StaticEditorFlags: 0
  m_IsActive: 1
--- !u!1 &1000012494547830
GameObject:
  m_ObjectHideFlags: 1
  m_PrefabParentObject: {fileID: 0}
  m_PrefabInternal: {fileID: 100100000}
  serializedVersion: 5
  m_Component:
  - component: {fileID: 4000011405197220}
  m_Layer: 0
  m_Name: LeftRightLeght2
  m_TagString: Untagged
  m_Icon: {fileID: 0}
  m_NavMeshLayer: 0
  m_StaticEditorFlags: 0
  m_IsActive: 1
--- !u!1 &1000012606111286
GameObject:
  m_ObjectHideFlags: 1
  m_PrefabParentObject: {fileID: 0}
  m_PrefabInternal: {fileID: 100100000}
  serializedVersion: 5
  m_Component:
  - component: {fileID: 4000010415227758}
  m_Layer: 0
  m_Name: Leftpaw1_end
  m_TagString: Untagged
  m_Icon: {fileID: 0}
  m_NavMeshLayer: 0
  m_StaticEditorFlags: 0
  m_IsActive: 1
--- !u!1 &1000012651502842
GameObject:
  m_ObjectHideFlags: 1
  m_PrefabParentObject: {fileID: 0}
  m_PrefabInternal: {fileID: 100100000}
  serializedVersion: 5
  m_Component:
  - component: {fileID: 4000012773612342}
  m_Layer: 0
  m_Name: head
  m_TagString: Untagged
  m_Icon: {fileID: 0}
  m_NavMeshLayer: 0
  m_StaticEditorFlags: 0
  m_IsActive: 1
--- !u!1 &1000012904575802
GameObject:
  m_ObjectHideFlags: 1
  m_PrefabParentObject: {fileID: 0}
  m_PrefabInternal: {fileID: 100100000}
  serializedVersion: 5
  m_Component:
  - component: {fileID: 4000011659261280}
  m_Layer: 0
  m_Name: Leftpaw1_end_end
  m_TagString: Untagged
  m_Icon: {fileID: 0}
  m_NavMeshLayer: 0
  m_StaticEditorFlags: 0
  m_IsActive: 1
--- !u!1 &1000012932871670
GameObject:
  m_ObjectHideFlags: 1
  m_PrefabParentObject: {fileID: 0}
  m_PrefabInternal: {fileID: 100100000}
  serializedVersion: 5
  m_Component:
  - component: {fileID: 4000012970364652}
  m_Layer: 0
  m_Name: body
  m_TagString: Untagged
  m_Icon: {fileID: 0}
  m_NavMeshLayer: 0
  m_StaticEditorFlags: 0
  m_IsActive: 1
--- !u!1 &1000013409413452
GameObject:
  m_ObjectHideFlags: 1
  m_PrefabParentObject: {fileID: 0}
  m_PrefabInternal: {fileID: 100100000}
  serializedVersion: 5
  m_Component:
  - component: {fileID: 4000012156863066}
  m_Layer: 0
  m_Name: PosterRightLeght1
  m_TagString: Untagged
  m_Icon: {fileID: 0}
  m_NavMeshLayer: 0
  m_StaticEditorFlags: 0
  m_IsActive: 1
--- !u!1 &1000013571247826
GameObject:
  m_ObjectHideFlags: 1
  m_PrefabParentObject: {fileID: 0}
  m_PrefabInternal: {fileID: 100100000}
  serializedVersion: 5
  m_Component:
  - component: {fileID: 4000010512617902}
  m_Layer: 0
  m_Name: Leftpaw1
  m_TagString: Untagged
  m_Icon: {fileID: 0}
  m_NavMeshLayer: 0
  m_StaticEditorFlags: 0
  m_IsActive: 1
--- !u!1 &1000013614187788
GameObject:
  m_ObjectHideFlags: 1
  m_PrefabParentObject: {fileID: 0}
  m_PrefabInternal: {fileID: 100100000}
  serializedVersion: 5
  m_Component:
  - component: {fileID: 4000010218810144}
  m_Layer: 0
  m_Name: PosterLeftpaw2
  m_TagString: Untagged
  m_Icon: {fileID: 0}
  m_NavMeshLayer: 0
  m_StaticEditorFlags: 0
  m_IsActive: 1
--- !u!1 &1000013647425482
GameObject:
  m_ObjectHideFlags: 1
  m_PrefabParentObject: {fileID: 0}
  m_PrefabInternal: {fileID: 100100000}
  serializedVersion: 5
  m_Component:
  - component: {fileID: 4000010905660010}
  m_Layer: 0
  m_Name: PosterRightpaw_end
  m_TagString: Untagged
  m_Icon: {fileID: 0}
  m_NavMeshLayer: 0
  m_StaticEditorFlags: 0
  m_IsActive: 1
--- !u!1 &1000013767733310
GameObject:
  m_ObjectHideFlags: 1
  m_PrefabParentObject: {fileID: 0}
  m_PrefabInternal: {fileID: 100100000}
  serializedVersion: 5
  m_Component:
  - component: {fileID: 4000013712265784}
  m_Layer: 0
  m_Name: EarsLeft_end_end
  m_TagString: Untagged
  m_Icon: {fileID: 0}
  m_NavMeshLayer: 0
  m_StaticEditorFlags: 0
  m_IsActive: 1
--- !u!1 &1000013794628494
GameObject:
  m_ObjectHideFlags: 1
  m_PrefabParentObject: {fileID: 0}
  m_PrefabInternal: {fileID: 100100000}
  serializedVersion: 5
  m_Component:
  - component: {fileID: 4000012966701678}
  m_Layer: 0
  m_Name: PosterRightLeght2
  m_TagString: Untagged
  m_Icon: {fileID: 0}
  m_NavMeshLayer: 0
  m_StaticEditorFlags: 0
  m_IsActive: 1
--- !u!1 &1000013808731382
GameObject:
  m_ObjectHideFlags: 1
  m_PrefabParentObject: {fileID: 0}
  m_PrefabInternal: {fileID: 100100000}
  serializedVersion: 5
  m_Component:
  - component: {fileID: 4000013587014022}
  m_Layer: 0
  m_Name: PosterRightpaw_end_end
  m_TagString: Untagged
  m_Icon: {fileID: 0}
  m_NavMeshLayer: 0
  m_StaticEditorFlags: 0
  m_IsActive: 1
--- !u!1 &1000013822528960
GameObject:
  m_ObjectHideFlags: 1
  m_PrefabParentObject: {fileID: 0}
  m_PrefabInternal: {fileID: 100100000}
  serializedVersion: 5
  m_Component:
  - component: {fileID: 4000012709913268}
  m_Layer: 0
  m_Name: EarsLeft
  m_TagString: Untagged
  m_Icon: {fileID: 0}
  m_NavMeshLayer: 0
  m_StaticEditorFlags: 0
  m_IsActive: 1
--- !u!1 &1000014025698714
GameObject:
  m_ObjectHideFlags: 1
  m_PrefabParentObject: {fileID: 0}
  m_PrefabInternal: {fileID: 100100000}
  serializedVersion: 5
  m_Component:
  - component: {fileID: 4000013883338582}
  m_Layer: 0
  m_Name: PosterLeftpaw2_end_end
  m_TagString: Untagged
  m_Icon: {fileID: 0}
  m_NavMeshLayer: 0
  m_StaticEditorFlags: 0
  m_IsActive: 1
--- !u!1 &1000014104465068
GameObject:
  m_ObjectHideFlags: 1
  m_PrefabParentObject: {fileID: 0}
  m_PrefabInternal: {fileID: 100100000}
  serializedVersion: 5
  m_Component:
  - component: {fileID: 4000010282590612}
  m_Layer: 0
  m_Name: LeftLeght2
  m_TagString: Untagged
  m_Icon: {fileID: 0}
  m_NavMeshLayer: 0
  m_StaticEditorFlags: 0
  m_IsActive: 1
--- !u!4 &4000010078536098
Transform:
  m_ObjectHideFlags: 1
  m_PrefabParentObject: {fileID: 0}
  m_PrefabInternal: {fileID: 100100000}
  m_GameObject: {fileID: 1000011416244058}
  m_LocalRotation: {x: 0.034649804, y: 0.8249178, z: -0.5637547, w: -0.022154829}
  m_LocalPosition: {x: -0, y: 2.718354, z: -0.000000022002496}
  m_LocalScale: {x: 0.99999964, y: 1, z: 0.99999964}
  m_Children:
  - {fileID: 4000010882530708}
  m_Father: {fileID: 4000010507192888}
  m_RootOrder: 0
  m_LocalEulerAnglesHint: {x: 0, y: 0, z: 0}
--- !u!4 &4000010218810144
Transform:
  m_ObjectHideFlags: 1
  m_PrefabParentObject: {fileID: 0}
  m_PrefabInternal: {fileID: 100100000}
  m_GameObject: {fileID: 1000013614187788}
  m_LocalRotation: {x: 0.073211476, y: -0.67122126, z: 0.7359675, w: -0.04953848}
  m_LocalPosition: {x: 0.0000004582107, y: 4.697585, z: 0.00000006146729}
  m_LocalScale: {x: 1.0000001, y: 0.9999999, z: 0.9999998}
  m_Children:
  - {fileID: 4000010425821464}
  m_Father: {fileID: 4000011405197220}
  m_RootOrder: 0
  m_LocalEulerAnglesHint: {x: 0, y: 0, z: 0}
--- !u!4 &4000010228564904
Transform:
  m_ObjectHideFlags: 1
  m_PrefabParentObject: {fileID: 0}
  m_PrefabInternal: {fileID: 100100000}
  m_GameObject: {fileID: 1000012294255550}
  m_LocalRotation: {x: -0.000000016809038, y: -0.00000009735359, z: -1.6364202e-15,
    w: 1}
  m_LocalPosition: {x: 1.3942263, y: 0.0000022927695, z: 1.8495877}
  m_LocalScale: {x: 1.0642431, y: 0.9999998, z: 0.9999999}
  m_Children: []
  m_Father: {fileID: 4000011293857474}
  m_RootOrder: 2
  m_LocalEulerAnglesHint: {x: 0, y: 0, z: 0}
--- !u!4 &4000010282590612
Transform:
  m_ObjectHideFlags: 1
  m_PrefabParentObject: {fileID: 0}
  m_PrefabInternal: {fileID: 100100000}
  m_GameObject: {fileID: 1000014104465068}
  m_LocalRotation: {x: -0.3868843, y: 0.031008234, z: 0.022099735, w: 0.9213418}
  m_LocalPosition: {x: -0.00000028312206, y: 3.0714343, z: -0.00000029802322}
  m_LocalScale: {x: 1.0000002, y: 1.0000001, z: 1}
  m_Children:
  - {fileID: 4000010512617902}
  m_Father: {fileID: 4000012649479792}
  m_RootOrder: 0
  m_LocalEulerAnglesHint: {x: 0, y: 0, z: 0}
--- !u!4 &4000010415227758
Transform:
  m_ObjectHideFlags: 1
  m_PrefabParentObject: {fileID: 0}
  m_PrefabInternal: {fileID: 100100000}
  m_GameObject: {fileID: 1000012606111286}
  m_LocalRotation: {x: 0.00000030089905, y: -0.0000061849278, z: -0.00000028003703,
    w: 1}
  m_LocalPosition: {x: -0.00000011175871, y: 1.6773446, z: 0.00000021234155}
  m_LocalScale: {x: 1, y: 1, z: 1}
  m_Children:
  - {fileID: 4000011659261280}
  m_Father: {fileID: 4000010512617902}
  m_RootOrder: 0
  m_LocalEulerAnglesHint: {x: 0, y: 0, z: 0}
--- !u!4 &4000010425821464
Transform:
  m_ObjectHideFlags: 1
  m_PrefabParentObject: {fileID: 0}
  m_PrefabInternal: {fileID: 100100000}
  m_GameObject: {fileID: 1000011570956598}
  m_LocalRotation: {x: -0.0000000010622897, y: -0.000011905446, z: -0.00000008267307,
    w: 1}
  m_LocalPosition: {x: -0.0000000949949, y: 2.9781194, z: -0.00000042747706}
  m_LocalScale: {x: 0.99999994, y: 1.0000001, z: 1.0000001}
  m_Children:
  - {fileID: 4000013883338582}
  m_Father: {fileID: 4000010218810144}
  m_RootOrder: 0
  m_LocalEulerAnglesHint: {x: 0, y: 0, z: 0}
--- !u!4 &4000010427941868
Transform:
  m_ObjectHideFlags: 1
  m_PrefabParentObject: {fileID: 0}
  m_PrefabInternal: {fileID: 100100000}
  m_GameObject: {fileID: 1000011192116556}
  m_LocalRotation: {x: -0.13565387, y: 0.0135332765, z: 0.076565914, w: 0.98770064}
  m_LocalPosition: {x: -2.4322104, y: 0.38872066, z: 1.075848}
  m_LocalScale: {x: 0.9999998, y: 0.9999996, z: 0.9999998}
  m_Children:
  - {fileID: 4000011405197220}
  m_Father: {fileID: 4000012970364652}
  m_RootOrder: 0
  m_LocalEulerAnglesHint: {x: 0, y: 0, z: 0}
--- !u!4 &4000010507192888
Transform:
  m_ObjectHideFlags: 1
  m_PrefabParentObject: {fileID: 0}
  m_PrefabInternal: {fileID: 100100000}
  m_GameObject: {fileID: 1000010075694610}
  m_LocalRotation: {x: -0.38594913, y: 0.050433356, z: 0.04009051, w: 0.92026764}
  m_LocalPosition: {x: 0.000000037252903, y: 3.070995, z: 0.00000017136335}
  m_LocalScale: {x: 0.9999999, y: 1, z: 1.0000002}
  m_Children:
  - {fileID: 4000010078536098}
  m_Father: {fileID: 4000012487815152}
  m_RootOrder: 0
  m_LocalEulerAnglesHint: {x: 0, y: 0, z: 0}
--- !u!4 &4000010512617902
Transform:
  m_ObjectHideFlags: 1
  m_PrefabParentObject: {fileID: 0}
  m_PrefabInternal: {fileID: 100100000}
  m_GameObject: {fileID: 1000013571247826}
  m_LocalRotation: {x: 0.00006970575, y: 0.8255675, z: -0.56426644, w: -0.006458749}
  m_LocalPosition: {x: -0.00000019860454, y: 2.7124293, z: -0.0000003213063}
  m_LocalScale: {x: 1, y: 1.0000002, z: 0.9999999}
  m_Children:
  - {fileID: 4000010415227758}
  m_Father: {fileID: 4000010282590612}
  m_RootOrder: 0
  m_LocalEulerAnglesHint: {x: 0, y: 0, z: 0}
--- !u!4 &4000010582346656
Transform:
  m_ObjectHideFlags: 1
  m_PrefabParentObject: {fileID: 0}
  m_PrefabInternal: {fileID: 100100000}
  m_GameObject: {fileID: 1000012143112762}
  m_LocalRotation: {x: 0, y: -0, z: -0, w: 1}
  m_LocalPosition: {x: -0, y: 1.67735, z: 0}
  m_LocalScale: {x: 1, y: 1, z: 1}
  m_Children: []
  m_Father: {fileID: 4000010882530708}
  m_RootOrder: 0
  m_LocalEulerAnglesHint: {x: 0, y: 0, z: 0}
--- !u!4 &4000010607192222
Transform:
  m_ObjectHideFlags: 1
  m_PrefabParentObject: {fileID: 0}
  m_PrefabInternal: {fileID: 100100000}
  m_GameObject: {fileID: 1000010364789856}
  m_LocalRotation: {x: -0.041853253, y: -0.67419595, z: 0.73342466, w: 0.076134644}
  m_LocalPosition: {x: 0.000000033527613, y: 4.691288, z: 0.000000046333298}
  m_LocalScale: {x: 0.9999997, y: 0.99999905, z: 0.99999946}
  m_Children:
  - {fileID: 4000010905660010}
  m_Father: {fileID: 4000012966701678}
  m_RootOrder: 0
  m_LocalEulerAnglesHint: {x: 0, y: 0, z: 0}
--- !u!4 &4000010682525458
Transform:
  m_ObjectHideFlags: 1
  m_PrefabParentObject: {fileID: 0}
  m_PrefabInternal: {fileID: 100100000}
  m_GameObject: {fileID: 1000011581282378}
  m_LocalRotation: {x: 0.61165833, y: -0.06786273, z: 0.086926326, w: 0.7833981}
  m_LocalPosition: {x: -0.6885188, y: 1.9559711, z: 1.6486037}
  m_LocalScale: {x: 0.9999999, y: 0.9999998, z: 0.9999994}
  m_Children:
  - {fileID: 4000013669055968}
  m_Father: {fileID: 4000012773612342}
  m_RootOrder: 1
  m_LocalEulerAnglesHint: {x: 0, y: 0, z: 0}
--- !u!4 &4000010803460478
Transform:
  m_ObjectHideFlags: 1
  m_PrefabParentObject: {fileID: 0}
  m_PrefabInternal: {fileID: 100100000}
  m_GameObject: {fileID: 1000012117032758}
  m_LocalRotation: {x: -0.7071069, y: 0.000000015454308, z: 0.000000015454312, w: 0.7071067}
  m_LocalPosition: {x: 2.9127893, y: 5.9569464, z: -3.4429157}
  m_LocalScale: {x: 1, y: 1, z: 1}
  m_Children:
  - {fileID: 4000012970364652}
  m_Father: {fileID: 4000011293857474}
  m_RootOrder: 4
  m_LocalEulerAnglesHint: {x: 0, y: 0, z: 0}
--- !u!4 &4000010882530708
Transform:
  m_ObjectHideFlags: 1
  m_PrefabParentObject: {fileID: 0}
  m_PrefabInternal: {fileID: 100100000}
  m_GameObject: {fileID: 1000011964144242}
  m_LocalRotation: {x: 0.00000014337276, y: 0.000005810333, z: 0.00000007241034, w: 1}
  m_LocalPosition: {x: -0.000000033527613, y: 1.67735, z: -0.0000007953495}
  m_LocalScale: {x: 0.99999994, y: 0.9999999, z: 1}
  m_Children:
  - {fileID: 4000010582346656}
  m_Father: {fileID: 4000010078536098}
  m_RootOrder: 0
  m_LocalEulerAnglesHint: {x: 0, y: 0, z: 0}
--- !u!4 &4000010905660010
Transform:
  m_ObjectHideFlags: 1
  m_PrefabParentObject: {fileID: 0}
  m_PrefabInternal: {fileID: 100100000}
  m_GameObject: {fileID: 1000013647425482}
  m_LocalRotation: {x: -0.00000007318886, y: 0.000019471308, z: -0.000000053245458,
    w: 1}
  m_LocalPosition: {x: 0.000000074505806, y: 2.9781184, z: -0.00000022060703}
  m_LocalScale: {x: 0.99999994, y: 1, z: 1}
  m_Children:
  - {fileID: 4000013587014022}
  m_Father: {fileID: 4000010607192222}
  m_RootOrder: 0
  m_LocalEulerAnglesHint: {x: 0, y: 0, z: 0}
--- !u!4 &4000011051617274
Transform:
  m_ObjectHideFlags: 1
  m_PrefabParentObject: {fileID: 0}
  m_PrefabInternal: {fileID: 100100000}
  m_GameObject: {fileID: 1000011209267288}
  m_LocalRotation: {x: 0.000000058270377, y: 0.0000044660983, z: 0.000000011175873,
    w: 1}
  m_LocalPosition: {x: 0.00000017881393, y: 4.683887, z: 0.0000011023803}
  m_LocalScale: {x: 0.9999999, y: 0.9999999, z: 1}
  m_Children:
  - {fileID: 4000013712265784}
  m_Father: {fileID: 4000012709913268}
  m_RootOrder: 0
  m_LocalEulerAnglesHint: {x: 0, y: 0, z: 0}
--- !u!4 &4000011166483388
Transform:
  m_ObjectHideFlags: 1
  m_PrefabParentObject: {fileID: 0}
  m_PrefabInternal: {fileID: 100100000}
  m_GameObject: {fileID: 1000011796664098}
  m_LocalRotation: {x: -0.000000016809038, y: -0.00000009735359, z: -1.6364202e-15,
    w: 1}
  m_LocalPosition: {x: 1.3942263, y: 0.0000022927695, z: 1.8495877}
  m_LocalScale: {x: 1.0642431, y: 0.9999998, z: 0.9999999}
  m_Children: []
  m_Father: {fileID: 4000011293857474}
  m_RootOrder: 0
  m_LocalEulerAnglesHint: {x: 0, y: 0, z: 0}
--- !u!4 &4000011293857474
Transform:
  m_ObjectHideFlags: 1
  m_PrefabParentObject: {fileID: 0}
  m_PrefabInternal: {fileID: 100100000}
  m_GameObject: {fileID: 1000010812260046}
  m_LocalRotation: {x: 0, y: 0, z: 0, w: 1}
  m_LocalPosition: {x: 0, y: 0, z: 0}
  m_LocalScale: {x: 1, y: 1, z: 1}
  m_Children:
  - {fileID: 4000011166483388}
  - {fileID: 4000011759833536}
  - {fileID: 4000010228564904}
  - {fileID: 4000012494817750}
  - {fileID: 4000010803460478}
  m_Father: {fileID: 0}
  m_RootOrder: 0
  m_LocalEulerAnglesHint: {x: 0, y: 0, z: 0}
--- !u!4 &4000011405197220
Transform:
  m_ObjectHideFlags: 1
  m_PrefabParentObject: {fileID: 0}
  m_PrefabInternal: {fileID: 100100000}
  m_GameObject: {fileID: 1000012494547830}
  m_LocalRotation: {x: 0.8477563, y: 0.0070994557, z: -0.083706126, w: 0.5236908}
  m_LocalPosition: {x: 0.000000052154064, y: 3.1574337, z: 0.00000008568168}
  m_LocalScale: {x: 0.99999976, y: 0.99999976, z: 1.0000001}
  m_Children:
  - {fileID: 4000010218810144}
  m_Father: {fileID: 4000010427941868}
  m_RootOrder: 0
  m_LocalEulerAnglesHint: {x: 0, y: 0, z: 0}
--- !u!4 &4000011659261280
Transform:
  m_ObjectHideFlags: 1
  m_PrefabParentObject: {fileID: 0}
  m_PrefabInternal: {fileID: 100100000}
  m_GameObject: {fileID: 1000012904575802}
  m_LocalRotation: {x: 0, y: -0, z: -0, w: 1}
  m_LocalPosition: {x: -0, y: 1.6773444, z: 0}
  m_LocalScale: {x: 1, y: 1, z: 1}
  m_Children: []
  m_Father: {fileID: 4000010415227758}
  m_RootOrder: 0
  m_LocalEulerAnglesHint: {x: 0, y: 0, z: 0}
--- !u!4 &4000011744743598
Transform:
  m_ObjectHideFlags: 1
  m_PrefabParentObject: {fileID: 0}
  m_PrefabInternal: {fileID: 100100000}
  m_GameObject: {fileID: 1000010765329634}
  m_LocalRotation: {x: 0, y: -0, z: -0, w: 1}
  m_LocalPosition: {x: -0, y: 4.683911, z: 0}
  m_LocalScale: {x: 1, y: 1, z: 1}
  m_Children: []
  m_Father: {fileID: 4000013669055968}
  m_RootOrder: 0
  m_LocalEulerAnglesHint: {x: 0, y: 0, z: 0}
--- !u!4 &4000011759833536
Transform:
  m_ObjectHideFlags: 1
  m_PrefabParentObject: {fileID: 0}
  m_PrefabInternal: {fileID: 100100000}
  m_GameObject: {fileID: 1000011950311438}
  m_LocalRotation: {x: -0.000000016809038, y: -0.00000009735359, z: -1.6364202e-15,
    w: 1}
  m_LocalPosition: {x: 1.3942263, y: 0.0000022927695, z: 1.8495877}
  m_LocalScale: {x: 1.0642431, y: 0.9999998, z: 0.9999999}
  m_Children: []
  m_Father: {fileID: 4000011293857474}
  m_RootOrder: 1
  m_LocalEulerAnglesHint: {x: 0, y: 0, z: 0}
--- !u!4 &4000012156863066
Transform:
  m_ObjectHideFlags: 1
  m_PrefabParentObject: {fileID: 0}
  m_PrefabInternal: {fileID: 100100000}
  m_GameObject: {fileID: 1000013409413452}
  m_LocalRotation: {x: -0.13565986, y: -0.0015356509, z: -0.03335782, w: 0.9901926}
  m_LocalPosition: {x: 2.5909648, y: 0.38872078, z: 1.0757563}
  m_LocalScale: {x: 0.9999999, y: 1.0000001, z: 0.9999998}
  m_Children:
  - {fileID: 4000012966701678}
  m_Father: {fileID: 4000012970364652}
  m_RootOrder: 2
  m_LocalEulerAnglesHint: {x: 0, y: 0, z: 0}
--- !u!4 &4000012487815152
Transform:
  m_ObjectHideFlags: 1
  m_PrefabParentObject: {fileID: 0}
  m_PrefabInternal: {fileID: 100100000}
  m_GameObject: {fileID: 1000010553946960}
  m_LocalRotation: {x: 0.03430565, y: -0.32238808, z: 0.9458269, w: -0.017336728}
  m_LocalPosition: {x: -1.329423, y: 2.4149823, z: -0.7847525}
  m_LocalScale: {x: 0.9999999, y: 0.99999994, z: 0.9999999}
  m_Children:
  - {fileID: 4000010507192888}
  m_Father: {fileID: 4000014082150476}
  m_RootOrder: 2
  m_LocalEulerAnglesHint: {x: 0, y: 0, z: 0}
--- !u!4 &4000012494817750
Transform:
  m_ObjectHideFlags: 1
  m_PrefabParentObject: {fileID: 0}
  m_PrefabInternal: {fileID: 100100000}
  m_GameObject: {fileID: 1000012299057786}
  m_LocalRotation: {x: -0.000000016809038, y: -0.00000009735359, z: -1.6364202e-15,
    w: 1}
  m_LocalPosition: {x: 1.3942263, y: 0.0000022927695, z: 1.8495877}
  m_LocalScale: {x: 1.0642431, y: 0.9999998, z: 0.9999999}
  m_Children: []
  m_Father: {fileID: 4000011293857474}
  m_RootOrder: 3
  m_LocalEulerAnglesHint: {x: 0, y: 0, z: 0}
--- !u!4 &4000012649479792
Transform:
  m_ObjectHideFlags: 1
  m_PrefabParentObject: {fileID: 0}
  m_PrefabInternal: {fileID: 100100000}
  m_GameObject: {fileID: 1000010188915944}
  m_LocalRotation: {x: 0.039261922, y: -0.32292873, z: 0.9456043, w: -0.0028371704}
  m_LocalPosition: {x: 1.3935484, y: 2.414982, z: -0.7847471}
  m_LocalScale: {x: 1, y: 0.9999998, z: 0.99999946}
  m_Children:
  - {fileID: 4000010282590612}
  m_Father: {fileID: 4000014082150476}
  m_RootOrder: 1
  m_LocalEulerAnglesHint: {x: 0, y: 0, z: 0}
--- !u!4 &4000012709913268
Transform:
  m_ObjectHideFlags: 1
  m_PrefabParentObject: {fileID: 0}
  m_PrefabInternal: {fileID: 100100000}
  m_GameObject: {fileID: 1000013822528960}
  m_LocalRotation: {x: 0.6116591, y: 0.067855686, z: -0.08691708, w: 0.7833991}
  m_LocalPosition: {x: 0.7985372, y: 1.9559709, z: 1.6486044}
  m_LocalScale: {x: 0.99999976, y: 1, z: 0.9999998}
  m_Children:
  - {fileID: 4000011051617274}
  m_Father: {fileID: 4000012773612342}
  m_RootOrder: 0
  m_LocalEulerAnglesHint: {x: 0, y: 0, z: 0}
--- !u!4 &4000012773612342
Transform:
  m_ObjectHideFlags: 1
  m_PrefabParentObject: {fileID: 0}
  m_PrefabInternal: {fileID: 100100000}
  m_GameObject: {fileID: 1000012651502842}
  m_LocalRotation: {x: 0.2675205, y: -0.00000068773954, z: 0.00000029592206, w: 0.9635522}
  m_LocalPosition: {x: -0.00000021950746, y: 4.5979524, z: 0.00000014827674}
  m_LocalScale: {x: 1, y: 1, z: 0.99999994}
  m_Children:
  - {fileID: 4000012709913268}
  - {fileID: 4000010682525458}
  m_Father: {fileID: 4000014082150476}
  m_RootOrder: 0
  m_LocalEulerAnglesHint: {x: 0, y: 0, z: 0}
--- !u!4 &4000012966701678
Transform:
  m_ObjectHideFlags: 1
  m_PrefabParentObject: {fileID: 0}
  m_PrefabInternal: {fileID: 100100000}
  m_GameObject: {fileID: 1000013794628494}
  m_LocalRotation: {x: 0.8461097, y: -0.04343641, z: 0.06532177, w: 0.52720475}
  m_LocalPosition: {x: -0.000000007450581, y: 3.1262321, z: -0.00000010302756}
  m_LocalScale: {x: 0.99999976, y: 0.99999976, z: 1.0000001}
  m_Children:
  - {fileID: 4000010607192222}
  m_Father: {fileID: 4000012156863066}
  m_RootOrder: 0
  m_LocalEulerAnglesHint: {x: 0, y: 0, z: 0}
--- !u!4 &4000012970364652
Transform:
  m_ObjectHideFlags: 1
  m_PrefabParentObject: {fileID: 0}
  m_PrefabInternal: {fileID: 100100000}
  m_GameObject: {fileID: 1000012932871670}
  m_LocalRotation: {x: 0.9998572, y: -0.0000001552954, z: -0.000009179058, w: 0.016901346}
  m_LocalPosition: {x: -2.7208626, y: 1.6286758, z: -0.88514996}
  m_LocalScale: {x: 1, y: 0.99999994, z: 1.0001565}
  m_Children:
  - {fileID: 4000010427941868}
  - {fileID: 4000014082150476}
  - {fileID: 4000012156863066}
  m_Father: {fileID: 4000010803460478}
  m_RootOrder: 0
  m_LocalEulerAnglesHint: {x: 0, y: 0, z: 0}
--- !u!4 &4000013587014022
Transform:
  m_ObjectHideFlags: 1
  m_PrefabParentObject: {fileID: 0}
  m_PrefabInternal: {fileID: 100100000}
  m_GameObject: {fileID: 1000013808731382}
  m_LocalRotation: {x: 0, y: -0, z: -0, w: 1}
  m_LocalPosition: {x: -0, y: 2.9781191, z: 0}
  m_LocalScale: {x: 1, y: 1, z: 1}
  m_Children: []
  m_Father: {fileID: 4000010905660010}
  m_RootOrder: 0
  m_LocalEulerAnglesHint: {x: 0, y: 0, z: 0}
--- !u!4 &4000013669055968
Transform:
  m_ObjectHideFlags: 1
  m_PrefabParentObject: {fileID: 0}
  m_PrefabInternal: {fileID: 100100000}
  m_GameObject: {fileID: 1000011377055358}
  m_LocalRotation: {x: -0.000000027128939, y: -0.000004505411, z: -0.000000013038519,
    w: 1}
  m_LocalPosition: {x: -0, y: 4.6839104, z: -0.00000037743848}
  m_LocalScale: {x: 0.99999994, y: 0.9999998, z: 0.9999999}
  m_Children:
  - {fileID: 4000011744743598}
  m_Father: {fileID: 4000010682525458}
  m_RootOrder: 0
  m_LocalEulerAnglesHint: {x: 0, y: 0, z: 0}
--- !u!4 &4000013712265784
Transform:
  m_ObjectHideFlags: 1
  m_PrefabParentObject: {fileID: 0}
  m_PrefabInternal: {fileID: 100100000}
  m_GameObject: {fileID: 1000013767733310}
  m_LocalRotation: {x: 0, y: -0, z: -0, w: 1}
  m_LocalPosition: {x: -0, y: 4.683888, z: 0}
  m_LocalScale: {x: 1, y: 1, z: 1}
  m_Children: []
  m_Father: {fileID: 4000011051617274}
  m_RootOrder: 0
  m_LocalEulerAnglesHint: {x: 0, y: 0, z: 0}
--- !u!4 &4000013883338582
Transform:
  m_ObjectHideFlags: 1
  m_PrefabParentObject: {fileID: 0}
  m_PrefabInternal: {fileID: 100100000}
  m_GameObject: {fileID: 1000014025698714}
  m_LocalRotation: {x: 0, y: -0, z: -0, w: 1}
  m_LocalPosition: {x: -0, y: 2.9781191, z: 0}
  m_LocalScale: {x: 1, y: 1, z: 1}
  m_Children: []
  m_Father: {fileID: 4000010425821464}
  m_RootOrder: 0
  m_LocalEulerAnglesHint: {x: 0, y: 0, z: 0}
--- !u!4 &4000014082150476
Transform:
  m_ObjectHideFlags: 1
  m_PrefabParentObject: {fileID: 0}
  m_PrefabInternal: {fileID: 100100000}
  m_GameObject: {fileID: 1000010781444886}
  m_LocalRotation: {x: -0.0000015471369, y: 0.9821824, z: -0.18793043, w: -0.000009871997}
  m_LocalPosition: {x: 0.00000021064761, y: 5.491069, z: -0.00000009278301}
  m_LocalScale: {x: 1, y: 0.9999995, z: 0.99999994}
  m_Children:
  - {fileID: 4000012773612342}
  - {fileID: 4000012649479792}
  - {fileID: 4000012487815152}
  m_Father: {fileID: 4000012970364652}
  m_RootOrder: 1
  m_LocalEulerAnglesHint: {x: 0, y: 0, z: 0}
--- !u!111 &111000014004463936
Animation:
  m_ObjectHideFlags: 1
  m_PrefabParentObject: {fileID: 0}
  m_PrefabInternal: {fileID: 100100000}
  m_GameObject: {fileID: 1000010812260046}
  m_Enabled: 1
  serializedVersion: 3
  m_Animation: {fileID: 7400006, guid: bed93503e68b9f14a8981e7de5d43efe, type: 3}
  m_Animations:
  - {fileID: 7400000, guid: bed93503e68b9f14a8981e7de5d43efe, type: 3}
  - {fileID: 7400002, guid: bed93503e68b9f14a8981e7de5d43efe, type: 3}
  - {fileID: 7400004, guid: bed93503e68b9f14a8981e7de5d43efe, type: 3}
  - {fileID: 7400006, guid: bed93503e68b9f14a8981e7de5d43efe, type: 3}
  - {fileID: 7400008, guid: bed93503e68b9f14a8981e7de5d43efe, type: 3}
  - {fileID: 7400010, guid: bed93503e68b9f14a8981e7de5d43efe, type: 3}
  - {fileID: 7400012, guid: bed93503e68b9f14a8981e7de5d43efe, type: 3}
  m_WrapMode: 0
  m_PlayAutomatically: 1
  m_AnimatePhysics: 0
  m_CullingType: 1
--- !u!137 &137000011568071514
SkinnedMeshRenderer:
  m_ObjectHideFlags: 1
  m_PrefabParentObject: {fileID: 0}
  m_PrefabInternal: {fileID: 100100000}
  m_GameObject: {fileID: 1000012299057786}
  m_Enabled: 1
  m_CastShadows: 1
  m_ReceiveShadows: 1
  m_DynamicOccludee: 1
  m_MotionVectors: 1
  m_LightProbeUsage: 1
  m_ReflectionProbeUsage: 1
  m_Materials:
  - {fileID: 2100000, guid: d5b98cf969bf6ee47b0e743352c49759, type: 2}
  m_StaticBatchInfo:
    firstSubMesh: 0
    subMeshCount: 0
  m_StaticBatchRoot: {fileID: 0}
  m_ProbeAnchor: {fileID: 0}
  m_LightProbeVolumeOverride: {fileID: 0}
  m_ScaleInLightmap: 1
  m_PreserveUVs: 0
  m_IgnoreNormalsForChartDetection: 0
  m_ImportantGI: 0
  m_StitchLightmapSeams: 0
  m_SelectedEditorRenderState: 3
  m_MinimumChartSize: 4
  m_AutoUVMaxDistance: 0.5
  m_AutoUVMaxAngle: 89
  m_LightmapParameters: {fileID: 0}
  m_SortingLayerID: 0
  m_SortingLayer: 0
  m_SortingOrder: 0
  serializedVersion: 2
  m_Quality: 0
  m_UpdateWhenOffscreen: 1
  m_SkinnedMotionVectors: 1
  m_Mesh: {fileID: 4300006, guid: bed93503e68b9f14a8981e7de5d43efe, type: 3}
  m_Bones:
  - {fileID: 4000012970364652}
  - {fileID: 4000014082150476}
  - {fileID: 4000012773612342}
  - {fileID: 4000010682525458}
  - {fileID: 4000013669055968}
  - {fileID: 4000012709913268}
  - {fileID: 4000011051617274}
  - {fileID: 4000012487815152}
  - {fileID: 4000010507192888}
  - {fileID: 4000010078536098}
  - {fileID: 4000010882530708}
  - {fileID: 4000012649479792}
  - {fileID: 4000010282590612}
  - {fileID: 4000010512617902}
  - {fileID: 4000010415227758}
  - {fileID: 4000012156863066}
  - {fileID: 4000012966701678}
  - {fileID: 4000010607192222}
  - {fileID: 4000010905660010}
  - {fileID: 4000010427941868}
  - {fileID: 4000011405197220}
  - {fileID: 4000010218810144}
  - {fileID: 4000010425821464}
  m_BlendShapeWeights: []
  m_RootBone: {fileID: 4000012970364652}
  m_AABB:
    m_Center: {x: 1.8401289, y: 3.84212, z: -0.60474205}
    m_Extent: {x: 6.952919, y: 10.8081255, z: 9.683952}
  m_DirtyAABB: 0
--- !u!137 &137000012728086986
SkinnedMeshRenderer:
  m_ObjectHideFlags: 1
  m_PrefabParentObject: {fileID: 0}
  m_PrefabInternal: {fileID: 100100000}
  m_GameObject: {fileID: 1000011796664098}
  m_Enabled: 1
  m_CastShadows: 1
  m_ReceiveShadows: 1
  m_DynamicOccludee: 1
  m_MotionVectors: 1
  m_LightProbeUsage: 1
  m_ReflectionProbeUsage: 1
  m_Materials:
  - {fileID: 2100000, guid: d5b98cf969bf6ee47b0e743352c49759, type: 2}
  m_StaticBatchInfo:
    firstSubMesh: 0
    subMeshCount: 0
  m_StaticBatchRoot: {fileID: 0}
  m_ProbeAnchor: {fileID: 0}
  m_LightProbeVolumeOverride: {fileID: 0}
  m_ScaleInLightmap: 1
  m_PreserveUVs: 0
  m_IgnoreNormalsForChartDetection: 0
  m_ImportantGI: 0
  m_StitchLightmapSeams: 0
  m_SelectedEditorRenderState: 3
  m_MinimumChartSize: 4
  m_AutoUVMaxDistance: 0.5
  m_AutoUVMaxAngle: 89
  m_LightmapParameters: {fileID: 0}
  m_SortingLayerID: 0
  m_SortingLayer: 0
  m_SortingOrder: 0
  serializedVersion: 2
  m_Quality: 0
  m_UpdateWhenOffscreen: 1
  m_SkinnedMotionVectors: 1
  m_Mesh: {fileID: 4300000, guid: bed93503e68b9f14a8981e7de5d43efe, type: 3}
  m_Bones:
  - {fileID: 4000012970364652}
  - {fileID: 4000014082150476}
  - {fileID: 4000012773612342}
  - {fileID: 4000010682525458}
  - {fileID: 4000013669055968}
  - {fileID: 4000012709913268}
  - {fileID: 4000011051617274}
  - {fileID: 4000012487815152}
  - {fileID: 4000010507192888}
  - {fileID: 4000010078536098}
  - {fileID: 4000010882530708}
  - {fileID: 4000012649479792}
  - {fileID: 4000010282590612}
  - {fileID: 4000010512617902}
  - {fileID: 4000010415227758}
  - {fileID: 4000012156863066}
  - {fileID: 4000012966701678}
  - {fileID: 4000010607192222}
  - {fileID: 4000010905660010}
  - {fileID: 4000010427941868}
  - {fileID: 4000011405197220}
  - {fileID: 4000010218810144}
  - {fileID: 4000010425821464}
  m_BlendShapeWeights: []
  m_RootBone: {fileID: 4000012970364652}
  m_AABB:
    m_Center: {x: 1.700212, y: 3.9613428, z: -0.5357814}
    m_Extent: {x: 7.1726174, y: 10.935709, z: 9.632835}
  m_DirtyAABB: 0
--- !u!137 &137000013560661404
SkinnedMeshRenderer:
  m_ObjectHideFlags: 1
  m_PrefabParentObject: {fileID: 0}
  m_PrefabInternal: {fileID: 100100000}
  m_GameObject: {fileID: 1000011950311438}
  m_Enabled: 1
  m_CastShadows: 1
  m_ReceiveShadows: 1
  m_DynamicOccludee: 1
  m_MotionVectors: 1
  m_LightProbeUsage: 1
  m_ReflectionProbeUsage: 1
  m_Materials:
  - {fileID: 2100000, guid: d5b98cf969bf6ee47b0e743352c49759, type: 2}
  m_StaticBatchInfo:
    firstSubMesh: 0
    subMeshCount: 0
  m_StaticBatchRoot: {fileID: 0}
  m_ProbeAnchor: {fileID: 0}
  m_LightProbeVolumeOverride: {fileID: 0}
  m_ScaleInLightmap: 1
  m_PreserveUVs: 0
  m_IgnoreNormalsForChartDetection: 0
  m_ImportantGI: 0
  m_StitchLightmapSeams: 0
  m_SelectedEditorRenderState: 3
  m_MinimumChartSize: 4
  m_AutoUVMaxDistance: 0.5
  m_AutoUVMaxAngle: 89
  m_LightmapParameters: {fileID: 0}
  m_SortingLayerID: 0
  m_SortingLayer: 0
  m_SortingOrder: 0
  serializedVersion: 2
  m_Quality: 0
  m_UpdateWhenOffscreen: 1
  m_SkinnedMotionVectors: 1
  m_Mesh: {fileID: 4300002, guid: bed93503e68b9f14a8981e7de5d43efe, type: 3}
  m_Bones:
  - {fileID: 4000012970364652}
  - {fileID: 4000014082150476}
  - {fileID: 4000012773612342}
  - {fileID: 4000010682525458}
  - {fileID: 4000013669055968}
  - {fileID: 4000012709913268}
  - {fileID: 4000011051617274}
  - {fileID: 4000012487815152}
  - {fileID: 4000010507192888}
  - {fileID: 4000010078536098}
  - {fileID: 4000010882530708}
  - {fileID: 4000012649479792}
  - {fileID: 4000010282590612}
  - {fileID: 4000010512617902}
  - {fileID: 4000010415227758}
  - {fileID: 4000012156863066}
  - {fileID: 4000012966701678}
  - {fileID: 4000010607192222}
  - {fileID: 4000010905660010}
  - {fileID: 4000010427941868}
  - {fileID: 4000011405197220}
  - {fileID: 4000010218810144}
  - {fileID: 4000010425821464}
  m_BlendShapeWeights: []
  m_RootBone: {fileID: 4000012970364652}
  m_AABB:
    m_Center: {x: 1.6991622, y: 3.9816349, z: -0.5627494}
    m_Extent: {x: 7.1710835, y: 10.922424, z: 9.618086}
  m_DirtyAABB: 0
--- !u!137 &137000013837987926
SkinnedMeshRenderer:
  m_ObjectHideFlags: 1
  m_PrefabParentObject: {fileID: 0}
  m_PrefabInternal: {fileID: 100100000}
  m_GameObject: {fileID: 1000012294255550}
  m_Enabled: 1
  m_CastShadows: 1
  m_ReceiveShadows: 1
  m_DynamicOccludee: 1
  m_MotionVectors: 1
  m_LightProbeUsage: 1
  m_ReflectionProbeUsage: 1
  m_Materials:
  - {fileID: 2100000, guid: d5b98cf969bf6ee47b0e743352c49759, type: 2}
  m_StaticBatchInfo:
    firstSubMesh: 0
    subMeshCount: 0
  m_StaticBatchRoot: {fileID: 0}
  m_ProbeAnchor: {fileID: 0}
  m_LightProbeVolumeOverride: {fileID: 0}
  m_ScaleInLightmap: 1
  m_PreserveUVs: 0
  m_IgnoreNormalsForChartDetection: 0
  m_ImportantGI: 0
  m_StitchLightmapSeams: 0
  m_SelectedEditorRenderState: 3
  m_MinimumChartSize: 4
  m_AutoUVMaxDistance: 0.5
  m_AutoUVMaxAngle: 89
  m_LightmapParameters: {fileID: 0}
  m_SortingLayerID: 0
  m_SortingLayer: 0
  m_SortingOrder: 0
  serializedVersion: 2
  m_Quality: 0
  m_UpdateWhenOffscreen: 1
  m_SkinnedMotionVectors: 1
  m_Mesh: {fileID: 4300004, guid: bed93503e68b9f14a8981e7de5d43efe, type: 3}
  m_Bones:
  - {fileID: 4000012970364652}
  - {fileID: 4000014082150476}
  - {fileID: 4000012773612342}
  - {fileID: 4000010682525458}
  - {fileID: 4000013669055968}
  - {fileID: 4000012709913268}
  - {fileID: 4000011051617274}
  - {fileID: 4000012487815152}
  - {fileID: 4000010507192888}
  - {fileID: 4000010078536098}
  - {fileID: 4000010882530708}
  - {fileID: 4000012649479792}
  - {fileID: 4000010282590612}
  - {fileID: 4000010512617902}
  - {fileID: 4000010415227758}
  - {fileID: 4000012156863066}
  - {fileID: 4000012966701678}
  - {fileID: 4000010607192222}
  - {fileID: 4000010905660010}
  - {fileID: 4000010427941868}
  - {fileID: 4000011405197220}
  - {fileID: 4000010218810144}
  - {fileID: 4000010425821464}
  m_BlendShapeWeights: []
  m_RootBone: {fileID: 4000012970364652}
  m_AABB:
    m_Center: {x: 1.6816335, y: 3.9318473, z: -0.5541296}
    m_Extent: {x: 7.174001, y: 10.897853, z: 9.63334}
  m_DirtyAABB: 0
--- !u!205 &205000012668940132
LODGroup:
  m_ObjectHideFlags: 1
  m_PrefabParentObject: {fileID: 0}
  m_PrefabInternal: {fileID: 100100000}
  m_GameObject: {fileID: 1000010812260046}
  serializedVersion: 2
  m_LocalReferencePoint: {x: 1.8821673, y: 5.7970505, z: -1.1278248}
  m_Size: 22.515778
  m_FadeMode: 0
  m_AnimateCrossFading: 0
  m_LODs:
  - screenRelativeHeight: 0.6
    fadeTransitionWidth: 0
    renderers:
    - renderer: {fileID: 137000012728086986}
  - screenRelativeHeight: 0.40490815
    fadeTransitionWidth: 0
    renderers:
    - renderer: {fileID: 137000013560661404}
  - screenRelativeHeight: 0.178536
    fadeTransitionWidth: 0
    renderers:
    - renderer: {fileID: 137000013837987926}
  - screenRelativeHeight: 0.02822873
    fadeTransitionWidth: 0
    renderers:
    - renderer: {fileID: 137000011568071514}
  m_Enabled: 1
